2356 3846
229 159 482 217 HISTORIARUM
498 159 713 218 muxnnnnr
731 160 805 232 VIII,
823 168 848 221 t.
868 170 892 219 6.
1000 162 1064 228 201

53 303 266 389 Hermolaus,
287 326 368 390 puer
385 304 505 370 nobilis
525 325 563 370 ex
583 306 675 390 regia
692 306 839 391 cohorte,
862 328 933 372 cum
952 328 1065 392 aprum

54 394 124 459 telo
153 396 355 477 occupasset,
384 413 479 476 quem
507 414 563 458 rex
590 394 687 460 ferire
715 393 946 479 destinaverat,
976 397 1067 460 iussu

56 481 127 547 eius
145 481 333 547 verberibus
352 479 498 547 adfectus
521 485 579 546 est
616 479 719 557 Quam
739 482 951 567 ignominiam
971 504 1067 568 aegre

54 569 162 635 ferens
182 569 298 635 deflere
312 567 397 652 apud
412 567 595 635 Sostratum
609 570 730 653 coepit:
749 591 787 634 ex
806 571 917 636 eadem
931 571 1067 638 'cohorte

55 662 128 724 erat
147 655 323 740 Sostratus,
341 678 452 722 amore
470 657 539 723 eius
558 657 684 723 ardeus.
716 657 870 735 Quicum
889 660 1067 725 laceratum
1086 673 1104 721 8

55 767 187 830 corpus,
209 745 244 809 in
267 765 330 829 quo
354 744 534 830 deperibat,
556 747 750 829 intueretur,
771 747 909 812 forsitan
928 749 1007 813 olim
1025 749 1067 814 ob

56 835 155 900 aliam
174 854 300 918 quoque
314 855 445 899 oausam
462 834 533 919 regi
550 834 698 919 infestus,
715 835 863 900 iuvenem
878 857 936 900 sua
951 840 1067 920 sponte

55 923 124 988 iam
143 925 267 987 motum
284 921 361 987 data
379 921 441 986 fido
460 925 654 1007 acceptaque
673 923 828 1007 perpulit,
848 927 885 988 ut
904 924 1067 989 occidendi

56 1031 168 1096 regern
200 1010 371 1075 consilium
403 1031 512 1076 secum
538 1011 647 1076 iniret.
696 1009 765 1076 Nec
796 1011 913 1095 puerili
943 1012 1105 1097 impetus

55 1121 126 1164 rem
150 1098 275 1164 executi
303 1100 393 1164 sunt:
421 1098 540 1183 quippe
562 1099 710 1164 sollerter
732 1100 899 1185 legerunt,
927 1121 1007 1184 quos
1035 1101 1068 1165 in

56 1187 248 1253 societatem
275 1185 405 1253 sceleris
433 1186 655 1253 adsciscerent.
703 1185 942 1271 Nicostratum,
975 1188 1069 1253 Anti·

56 1279 188 1360 patrum
206 1272 538 1360 Asclepiodorumque
561 1280 595 1340 et
611 1274 768 1341 Philotan
788 1276 912 1359 placuit
930 1276 1069 1341 adsumi:

56 1384 116 1448 per
133 1362 195 1428 hos
213 1362 331 1428 adiecti
350 1366 426 1428 sunt
444 1362 603 1447 Anticles,
619 1364 816 1447 Elaptonius
836 1368 868 1430 et
886 1364 1070 1448 Epimenes.

57 1450 211 1517 Ceterum
238 1450 382 1536 agendae
408 1451 456 1516 rei
485 1450 573 1516 haud
601 1473 677 1517 sane
708 1452 815 1517 facilis
846 1453 981 1536 patebat
1007 1453 1069 1518 via.

57 1538 148 1624 Opus
170 1541 240 1604 crat
263 1538 374 1604 eadem
393 1539 500 1604 omnis
518 1539 703 1605 coniuratos
721 1545 817 1605 nocte
836 1540 1007 1624 excubare,
1029 1562 1070 1606 ne
1090 1552 1126 1601 ro

58 1628 101 1693 ab
126 1626 310 1711 expertibus
334 1627 463 1693 consilii
485 1627 719 1712 inpedirentur:
748 1627 832 1692 forte
856 1633 964 1694 autem
987 1629 1071 1694 alius

59 1716 125 1782 alia
142 1718 237 1780 nocte
250 1714 438 1781 excubabat.
469 1714 584 1799 Itaque
602 1717 637 1780 in
654 1716 876 1799 permutandis
893 1718 1070 1782 stationum
1091 1729 1123 1777 rr

58 1804 185 1891 vicibus
209 1807 379 1887 ceteroque
398 1807 556 1887 apparatu
573 1804 775 1888 exequendae
795 1804 843 1868 rei
862 1823 936 1869 xxx
956 1808 989 1869 et
1006 1805 1070 1870 duo

37 1891 128 1956 ldics
143 1891 308 1975 absumpti
326 1895 408 1956 suut.
435 1890 560 1956 Aderat
572 1913 646 1975 nox,
660 1913 725 1975 qua
739 1892 901 1957 coniurati
915 1893 1071 1958 excubare
1091 1903 1126 1953 12

59 1979 232 2064 debebant,
254 1982 367 2045 mutua
384 1978 448 2044 fide
465 1979 558 2063 laeti,
580 1980 670 2044 cuius
689 1980 916 2045 documentum
934 1983 985 2045 tot
1002 1981 1071 2045 dies

58 2068 198 2133 fuerant.
232 2066 405 2133 Neminem
423 2066 528 2138 metus
548 2089 661 2150 spesve
677 2070 875 2151 mutaverat,
892 2071 986 2133 tanta
1004 2089 1071 2134 orn·

59 2157 158 2220 nibus
171 2155 222 2221 rel
236 2157 270 2220 in
284 2174 394 2239 regern
408 2154 457 2220 ira
470 2155 522 2220 vel
539 2154 620 2221 fides
634 2156 719 2220 inter
731 2154 821 2240 ipsos
834 2155 905 2220 fuit.
933 2153 1073 2221 Stabant
1093 2167 1127 2216 13

59 2243 164 2329 igitur
186 2243 227 2308 ad
254 2243 342 2308 fores
365 2242 453 2308 aedis
476 2243 559 2326 eius,
584 2243 619 2308 in
643 2265 706 2328 qua
727 2265 784 2309 rex
806 2243 1010 2324 vescebatur,
1037 2249 1073 2309 ut

60 2331 208 2398 convivio
232 2351 397 2416 egressum
420 2331 455 2395 in
476 2331 657 2397 cubiculum
680 2331 880 2396 deducerent.
923 2331 985 2396 Sed
1007 2331 1128 2397 for-14

59 2423 142 2485 tuna
154 2418 257 2503 ipsius
271 2417 430 2502 simulque
440 2419 640 2503 epulantium
652 2420 789 2485 comitas
802 2420 952 2504 provexit
961 2440 1073 2486 omues

61 2508 102 2574 ad
121 2507 245 2591 largius
258 2507 382 2572 vinum:
401 2506 470 2571 ludi
488 2507 586 2572 etiam
605 2507 789 2572 convivales
808 2510 975 2573 extraxere
993 2509 1074 2571 tern-

60 2617 138 2681 pus,
164 2615 250 2660 nuno
276 2594 474 2660 laetantibus
506 2594 697 2679 coniuratis,
729 2593 814 2679 quod
846 2595 988 2679 sopitum
1020 2593 1073 2659 ad·

61 2683 206 2769 gressuri
224 2686 346 2766 essent,
368 2703 452 2748 nunc
470 2681 633 2764 sollicitis,
655 2702 697 2746 ne
715 2682 749 2747 in
767 2682 872 2747 lucem
890 2683 1074 2749 convivium

62 2769 256 2838 extraheret.
288 2769 413 2855 Quippe
432 2769 515 2835 alios
533 2771 568 2835 in
586 2770 761 2836 stationem
780 2771 951 2854 oportebat
968 2771 1073 2854 prima
1093 2782 1129 2832 15

61 2859 134 2926 luce
162 2858 332 2925 succedere
358 2859 504 2941 ipsorum
525 2862 602 2942 post
624 2859 799 2942 septimum
824 2858 908 2924 diem
931 2859 1075 2924 reditura

61 2949 146 3014 vice:
177 2969 237 3013 neo
264 2968 394 3031 sperare
420 2949 573 3030 poterant
599 2945 634 3010 in
660 2945 740 3010 illud
767 2949 896 3030 tempus
923 2947 1074 3013 omnibus

61 3036 251 3103 duraturam
272 3034 378 3101 fidem.
415 3031 566 3100 Ceterum
584 3055 657 3099 cum
679 3034 745 3099 iarn
763 3033 820 3099 lux
838 3034 1019 3119 adpeteret,
1043 3040 1130 3101 etro

61 3124 247 3192 convivium
265 3123 400 3189 solvitur
420 3126 453 3188 et
471 3123 631 3188 coniurati
648 3126 842 3208 exceperunt
859 3142 980 3206 regem,
997 3123 1076 3189 laeti

62 3213 267 3287 occasionem
288 3211 481 3296 exequendi
495 3211 624 3277 sceleris
653 3209 832 3276 admotam:
859 3233 932 3276 cum
959 3212 1076 3278 mulier

61 3300 238 3385 attonitae,
258 3304 297 3365 ut
319 3299 476 3365 creditum
499 3303 565 3383 est,
587 3299 704 3364 mentis
724 3300 906 3365 conversari
928 3300 963 3365 in
985 3299 1076 3384 regia

60 3389 176 3472 solita,
198 3388 275 3473 quia
292 3387 446 3455 instinctu
468 3386 636 3455 videbatur
658 3385 769 3453 futura
791 3388 986 3471 praedicere,
1009 3407 1075 3452 non

62 3476 206 3549 occurrii
220 3475 316 3542 modo
331 3475 473 3558 abeunti,
491 3475 546 3541 sed
560 3475 659 3541 etiam
673 3479 776 3542 semet
790 3475 913 3541 obiecit
921 3477 1086 3550 suttuupe
1128 3497 1131 3503 ·

62 3570 98 3632 et
118 3564 221 3633 oculis
240 3568 368 3631 motum
389 3563 584 3652 praeferens
607 3562 733 3650 animi,
756 3566 802 3628 ut
818 3560 954 3626 retinet
965 3558 1017 3615 ‘m
1033 3568 1113 3610 ssu
