2356 3846
117 109 182 173 120
487 109 520 176 Q.
539 109 650 165 annul
667 109 754 166 RUFI

117 253 228 337 Ionas,
255 251 425 318 Aeolidem
455 255 556 319 servit
556 254 588 319 io
541 254 787 318 tharbariae
814 254 992 338 inpotentis
1017 256 1132 322 exemi·

115 363 202 425 mus,
230 339 372 422 Cariam,
403 341 556 425 Lydiam,
579 339 831 426 Cappadociam,
857 341 1050 428 Phrygiam,
1073 343 1132 410 Pa·

114 429 340 514 phlagoniam,
364 392 609 514 Pamphyliam,
639 429 781 514 Pisidas,
804 427 970 513 Ciliciam,
994 430 1132 515 Syriam,

115 516 312 600 Phoenicen,
343 517 545 600 Armeniam,
577 517 745 602 Persidem,
776 518 902 602 Medos,
936 519 1132 587 Parthienen

80 619 98 666 4
116 605 301 671 habemus
292 628 326 670 1n
344 610 518 690 potestate:
538 608 647 690 plures
661 608 845 691 provincias
860 609 1037 691 conplexus
1053 631 1132 692 sum,

117 716 215 778 quam
244 694 302 759 alii
333 696 429 760 urbes
461 699 625 779 ceperunt,
657 699 690 759 ct
716 694 825 760 nescio
855 717 898 761 an
930 697 1133 762 enumeranti

81 794 97 844 5
116 782 198 846 mihi
222 782 380 867 quaedam
402 784 475 867 ipsa
497 805 606 848 rerum
628 784 806 849 multitudo
827 783 1029 850 subduxerit
1071 784 1133 850 Itu·

117 892 180 954 que
204 872 232 935 si
255 872 419 937 crederem
443 873 524 936 satis
545 875 665 937 certam
685 893 755 936 esse
774 871 1015 956 possessionem
1033 877 1133 938 terra·
1161 926 1167 933 .

116 981 199 1043 rum,
217 981 297 1043 quas
315 963 408 1025 tanta
426 960 596 1026 uelocitate
612 959 804 1045 domuimus,
822 980 881 1045 ego
896 982 984 1044 vero,
1002 961 1135 1045 milites,

116 1047 157 1112 ad
180 1051 314 1130 penates
342 1068 445 1132 meos,
473 1046 513 1112 ad
539 1051 709 1132 parentem
737 1069 925 1132 sororesque
953 1053 988 1113 et
1009 1053 1135 1115 ceteros

116 1135 203 1200 cives
224 1135 276 1201 vel
299 1136 515 1200 retinentibus
534 1136 628 1201 vobis
648 1158 858 1220 erumperem,
880 1140 919 1200 ut
935 1135 985 1201 ibi
1002 1137 1135 1220 potissi²

117 1245 206 1289 mum
225 1227 323 1307 parta
340 1223 508 1289 vobiscum
531 1225 625 1289 laude
649 1229 682 1289 et
705 1225 810 1310 gloria
833 1225 970 1307 fruerer,
993 1225 1053 1290 ubi
1074 1246 1135 1290 nos

116 1311 281 1376 uberrima
309 1312 465 1377 victoriae
492 1314 637 1396 praemia
664 1315 849 1396 expectant,
879 1312 1035 1397 liberum,
1063 1335 1136 1380 con·

117 1400 229 1483 iugum
256 1403 490 1484 parentumque
521 1400 661 1484 laetitia,
694 1423 772 1484 pax,
805 1401 911 1484 quies,
938 1423 1049 1466 rerum
1076 1423 1136 1486 per

82 1501 97 1548 6
117 1487 268 1552 virtutem
291 1491 458 1571 partarum
483 1509 595 1554 secura
617 1489 791 1572 possessio.
837 1487 900 1552 Sed
923 1489 959 1552 in
982 1510 1068 1555 novo
1094 1494 1136 1574 et,

119 1577 273 1641 sirenum
289 1575 386 1641 fateri
400 1576 560 1660 volumus,
576 1577 722 1660 precario
741 1576 881 1660 imperio
900 1575 1006 1642 adhuc
1021 1578 1136 1662 iugum

119 1665 187 1729 eius
211 1664 319 1748 rigida
341 1665 463 1730 cervice
485 1664 698 1730 subeuntibus
721 1664 871 1729 barbaris
893 1667 1052 1749 tempore,
1075 1667 1135 1731 mi·

116 1753 204 1836 lites,
234 1774 314 1836 opus
338 1756 401 1837 est,
430 1752 505 1817 dum
528 1752 712 1817 mitioribus
735 1753 874 1836 ingeniis
897 1752 1079 1818 inbuuntur
1102 1759 1136 1820 et

82 1845 97 1894 ⁷
119 1841 269 1906 efferatos
288 1842 403 1906 melior
421 1840 618 1906 consuetudo
638 1842 825 1924 permulcet.
861 1839 985 1925 Fruges
1004 1863 1136 1927 quoque

117 1930 340 1993 maturitatem
363 1933 448 1994 stato
471 1933 617 2013 tempore
640 1932 826 2014 expectant:
850 1928 930 1993 adeo
955 1930 1056 1994 etiam
1075 1931 1136 1995 illa

83 2023 99 2072 8
119 2039 232 2081 sensus
248 2017 353 2081 omnis
368 2017 514 2099 expertia
527 2020 637 2082 tamen
652 2039 711 2082 sua
724 2017 798 2100 lege
812 2017 995 2082 mitescunt.
1024 2017 1135 2094 Quid?

118 2104 298 2169 creditist
283 2107 334 2168 tot
365 2106 493 2188 gentes,
525 2103 658 2168 alterius
686 2104 821 2188 imperio
855 2126 891 2169 ac
918 2106 1051 2171 nomine
1082 2107 1136 2172 ad·

119 2196 241 2274 suetas,
268 2212 333 2255 non
357 2192 471 2268 sacris,
498 2211 562 2257 uon
583 2191 742 2275 moribus,
768 2212 834 2256 non
857 2195 1051 2259 commercio
1074 2196 1135 2260 lin·

119 2301 201 2366 guae
215 2281 384 2344 nobiscum
398 2241 616 2363 cohaerentes,
631 2279 742 2345 eodem
756 2280 880 2363 proelio
895 2279 1037 2346 domitas
1054 2303 1135 2368 esse,

120 2392 184 2455 quo
202 2369 269 2434 vict
269 2390 305 2434 ae
325 2371 401 2433 sunt
386 2368 423 2432 t?
469 2367 578 2433 Vest
537 2372 597 2433 tns
616 2368 715 2433 armis
735 2367 952 2452 continentur,
974 2389 1043 2435 non
1066 2373 1134 2436 suis

119 2458 273 2539 moribus,
295 2459 327 2521 et
295 2457 401 2541 equi
420 2460 607 2540 praesentes
626 2477 678 2521 me
679 2456 811 2534 ιιιιιιιι,Ι
802 2478 837 2520 m
854 2457 1004 2522 absentia
1022 2458 1135 2525 hostes

120 2551 222 2612 erunt.
200 2543 353 2612 tCum
381 2545 458 2610 feris
486 2544 600 2610 bestiis
624 2567 676 2610 res
700 2547 762 2630 est,
790 2565 870 2629 quas
895 2548 1007 2628 captas
1032 2547 1099 2613 et'
1089 2569 1135 2613 rn-

120 2637 240 2719 clusas,
263 2634 339 2719 quia
362 2634 505 2718 ipsarum
528 2638 646 2700 natura
667 2654 733 2698 non
755 2636 879 2717 potest,
908 2633 1041 2718 longior
1064 2636 1133 2701 dies

84 2729 100 2777 9
119 2724 260 2806 mitigat
305 2721 350 2786 Et
377 2721 480 2787 adhuc
504 2722 550 2786 sic
573 2742 649 2806 ago,
675 2727 842 2805 tamquam
865 2721 973 2787 omnia
996 2723 1133 2790 subacta
1154 2725 1171 2789 8

120 2812 185 2874 sint
205 2811 314 2893 armis,
336 2831 418 2894 quae
437 2810 594 2874 fuerunt
585 2831 620 2872 m
638 2809 763 2873 dicione
781 2809 891 2874 Darei
932 2809 1134 2914 Hyrcaniam

118 2897 328 2963 Narbazanes
344 2897 526 2981 occupavit:
498 2895 659 2961 tBactra
672 2916 738 2959 non
751 2896 897 2978 possidet
910 2898 1015 2964 solum
1031 2901 1134 2984 parri·

120 2984 341 3069 oidaBessus,
364 2985 537 3050 sedetiam
560 2972 632 3050 inde
648 2983 803 3048 minatur:
827 2981 991 3071 Sogdiani,
1009 2986 1135 3072 Dahae,

68 3082 101 3132 10
119 3073 337 3157 Massagetae,
369 3071 482 3158 Sacae,
514 3072 587 3137 Indi
617 3071 668 3136 sui
699 3070 779 3135 iuris
806 3076 890 3137 sunt.
940 3073 1063 3142 Omnes
1091 3076 1136 3162 hi,

70 3172 73 3177 ’
121 3162 254 3226 simult
240 3124 337 3245 terga
356 3165 430 3226 nost
431 3184 468 3226 ra
416 3160 646 3243 tviderint,
668 3158 744 3224 illos
767 3165 953 3244 sequentur:
976 3163 1028 3230 illi
1047 3165 1135 3233 enim

120 3249 262 3316 eiusdem
281 3248 424 3315 nationis
443 3252 519 3314 sunt
519 3270 606 3334 n,os
621 3209 822 3330 alienigenae
837 3252 870 3313 et
883 3253 1017 3318 externi.
1059 3251 1135 3320 Suis

120 3340 252 3424 quisque
276 3341 383 3402 autem
406 3300 564 3421 placidius
586 3339 693 3424 paret,
720 3335 819 3400 etiam
847 3357 920 3401 cum
942 3340 970 3404 is
993 3348 1136 3428 praeest,

53 3447 89 3491 ιι
110 3429 173 3510 qui
189 3428 302 3512 magis
326 3426 433 3492 timeri
455 3429 515 3512 pot
516 3430 574 3492 est.
551 3423 758 3492 tProinde
782 3426 851 3502 aut,
875 3446 955 3508 quae
979 3430 1136 3516 cepimus,

93 3515 287 3584 omittenda
315 3521 398 3586 sunt
424 3520 499 3606 aut,
534 3539 619 3606 quae
644 3536 714 3584 non
734 3472 915 3592 habemus,
943 3520 1141 3597 occupanda
