2356 3846
102 142 169 208 280
483 143 515 209 Q.
535 141 645 198 OURTI
662 141 750 197 RUFI

47 300 84 351 ιο
101 288 213 375 regiae
239 291 332 372 parte
352 287 394 353 ad
415 286 607 372 Euphraten
629 287 742 374 fugam
767 286 950 353 intendunt.
986 286 1126 372 Equita-

101 381 167 461 tus,
189 377 246 462 qui
269 399 308 442 ex
331 376 540 442 nobilissimis
558 378 712 442 iuvenum
730 376 912 460 constabat,
933 375 1125 443 Perdiccam

103 471 136 532 e't
149 465 352 552 Leonnatum
367 465 519 550 frequens
533 466 728 550 sequebatur
741 464 955 550 placebatque
969 464 1127 532 excedere

46 567 82 618 ιι
102 555 182 621 urbe
212 559 245 620 et
271 553 401 620 tendere
424 556 459 619 in
486 555 618 640 campis.
664 553 726 620 Sed
753 554 908 620 Perdicca
928 575 973 619 ne
993 553 1123 639 pedites

103 642 234 730 quidem
265 647 432 710 secuturos
463 643 571 728 ipsum
603 643 809 728 desperabat:
840 644 966 728 itaque,
997 663 1043 709 ne
1071 643 1125 709 ab

104 731 248 799 ducendo
272 733 398 817 equites
421 733 590 817 abrupisse
609 756 629 798 a
648 736 756 800 cetero
780 733 924 822 exercitu
949 731 1126 816 videretur,

102 822 139 888 in
161 822 241 888 urbe
265 822 423 887 subsistit.

374 968 383 984 '
518 979 710 1047 CAPVHI

69 1099 83 1148 ι
193 1091 240 1152 At
261 1087 425 1174 Meleager
447 1108 558 1174 regem
581 1109 713 1152 monere
735 1109 803 1153 non
825 1086 965 1171 destitit,
989 1087 1078 1153 ius
1066 1109 1125 1152 nn·
1113 1084 1166 1151 -25

24 1233 28 1238 ,
103 1176 187 1279 perii
213 1176 387 1243 Perdiccae
414 1181 519 1241 morte
486 1174 754 1242 tsanciendum
777 1197 861 1241 esse·
890 1176 926 1241 ni
935 1136 1127 1261 decupetur

67 1265 160 1420 ²11¹?
161 1263 771 1440 thllttlaffittllt‘llall
771 1286 1030 1421 {Mittite
1045 1264 1128 1437 llll,

104 1465 201 1527 quem
228 1465 280 1508 me
282 1445 363 1508 tuat.
407 1442 478 1509 Rex
506 1443 690 1528 patiebatur
713 1442 819 1527 magis
843 1465 942 1527 quam
964 1441 1128 1508 adsentie-

103 1532 209 1598 batur.
250 1531 365 1616 Itaque
387 1531 551 1618 Meleager
574 1531 741 1597 silentium
762 1552 822 1616 pro
841 1531 980 1616 imperio
998 1531 1126 1597 habuit

68 1632 85 1681 3
105 1620 199 1687 Misit
216 1620 303 1707 regis
322 1620 465 1700 nomine,
488 1621 545 1706 qui
562 1620 750 1686 Perdiccam
769 1624 984 1686 accerserent:
1007 1619 1126 1696 iisdem

103 1708 307 1794 mandatum,
339 1714 376 1775 ut
407 1709 605 1794 occiderent,
635 1709 664 1774 si
690 1709 799 1775 venire
827 1709 1002 1775 dubitaret.
1048 1708 1127 1774 Por-

103 1799 195 1864 dicca
230 1798 382 1864 nuntiato
420 1798 601 1864 satellitum
636 1797 778 1864 adventu
812 1797 952 1864 sedecim
989 1797 1127 1863 omnino

103 1887 213 1972 pueris
235 1888 346 1972 regiae
370 1886 514 1954 cohortis
533 1887 706 1952 comitatus
724 1887 760 1951 in
777 1886 891 1957 limine
909 1885 1026 1952 domus
1047 1908 1128 1953 suae

104 1976 254 2042 constitit
275 1976 517 2060 castigatosque
536 1980 570 2041 et
588 1974 746 2061 Meleagri
764 1975 927 2060 mancipia
944 1974 1128 2041 identidem

104 2065 275 2149 appellans
294 2065 341 2130 sic
360 2065 462 2130 animi
479 2065 654 2149 vultusque
673 2065 857 2130 constantia
873 2064 1000 2148 terruit,
1017 2067 1059 2129 ut
1073 2064 1130 2132 vix

67 2163 87 2214 4
105 2153 224 2219 mentis
242 2157 409 2237 compotes
422 2153 582 2239 fugerent
614 2152 769 2218 Perdicca
781 2174 899 2236 pueros
914 2174 1015 2238 equos
1028 2152 1131 2219 iussit

105 2241 318 2308 conscendere
346 2244 380 2306 et
407 2263 480 2306 cum
505 2241 618 2326 paucis
646 2241 825 2306 amicorum
852 2241 894 2307 ad
920 2240 1132 2309 Leonnatum

104 2330 265 2432 pervenit,
238 2331 356 2395 tiam
378 2329 522 2396 firmiore
545 2329 707 2414 praesidio
725 2330 793 2396 vim
810 2330 1078 2414 propulsatum,
1100 2330 1130 2395 si

68 2429 86 2479 o
105 2419 178 2504 quis
196 2379 340 2484 intimet.
366 2418 503 2484 Postera
517 2418 568 2483 die
582 2417 717 2503 indigna
730 2440 782 2483 res
795 2416 1029 2485 Macedonibus
1043 2418 1130 2485 vide-

105 2509 163 2574 bat
163 2531 215 2592 ur,
241 2507 431 2573 Perdiccam
459 2507 500 2573 ad
526 2507 643 2572 mortis
670 2507 851 2608 periculum
879 2505 1073 2594 adductum,
1096 2511 1131 2573 et

105 2597 314 2682 Meleagrit
299 2597 431 2662 temerit
433 2599 520 2661 atem
556 2595 655 2661 armis
687 2595 837 2662 ultum
827 2617 875 2660 ιιι
907 2596 1129 2662 decreverant

70 2697 87 2748 o
105 2685 152 2751 At
137 2689 216 2770 tque
233 2686 300 2769 ille,
318 2683 413 2751 sedit
388 2688 477 2750 t1one
496 2684 628 2769 prouisa
646 2707 718 2750 cum
736 2705 849 2771 regem
863 2683 1010 2768 accisset,
1028 2686 1130 2751 inter·

105 2795 223 2860 rogare
256 2797 330 2840 eum
362 2774 482 2858 coepit,
515 2796 557 2839 an
584 2772 773 2838 Perdiccam
805 2734 1068 2857 conprehendi
1057 2795 1129 2858 rpse

105 2864 264 2929 iussisset.
308 2861 370 2927 Ille
397 2861 556 2948 Meleagri
583 2861 740 2927 instinctu
768 2883 803 2927 se
829 2861 966 2928 iussisse
991 2884 1128 2948 respon-

106 2952 168 3036 dit,
200 2956 342 3017 ceterum
373 2972 441 3016 non
471 2950 587 3030 debere
614 2950 810 3016 tumultuari
836 2971 906 3031 eos,
937 2949 1129 3017 Perdiccam

50 3118 52 3122 ,
70 3051 87 3101 '1
106 3039 194 3105 enim
211 3041 329 3106 vivere.
356 3038 463 3125 Igitur
481 3040 631 3105 contione
646 3039 781 3105 dimissa
794 3038 961 3124 Meleager
978 3040 1127 3125 equitum
1136 3036 1170 3103 26

105 3129 248 3193 maxime
284 3128 462 3194 defectione
498 3128 690 3212 perterritus
725 3128 886 3213 inopsque
923 3128 1060 3195 consilii
1087 3164 1127 3177 -

106 3217 225 3302 quippe
258 3217 293 3281 in
324 3217 433 3300 ipsum
465 3217 644 3302 periculum
675 3217 849 3302 reciderat,
880 3216 968 3302 quod
993 3216 1128 3284 inimico

105 3306 205 3391 paulo
225 3308 375 3370 antet
324 3305 375 3370 int
376 3303 569 3371 enderat—
587 3306 732 3372 triduum
760 3305 828 3372 fere
855 3307 1063 3390 consumpsit
1082 3307 1129 3373 ιιι-

68 3397 197 3462 acerta
224 3394 361 3461 consilia
388 3394 557 3460 volvendo
610 3394 656 3459 Et
687 3394 771 3480 prist
771 3395 827 3460 ina
858 3394 990 3480 quidem
1016 3394 1129 3481 regiae

90 3485 225 3567 species
243 3485 416 3573 manebat,
433 3507 514 3551 nam
533 3488 568 3549 et
580 3482 690 3570 legati
705 3484 854 3567 gentium
864 3503 981 3566 regem
993 3482 1130 3551 adibant

78 3576 117 3638 et
147 3597 331 3664 copiarum
366 3578 472 3646 duces
507 3575 653 3644 aderant
683 3575 721 3639 et
746 3568 955 3636 uestibulum
982 3570 1147 3632 sarabaras
