2356 3846
123 170 188 236 180
494 164 526 230 o.
546 165 658 221 cuam
675 165 762 221 auur

122 314 193 398 quis
220 313 309 396 ipsos
336 309 491 375 beneficio
521 330 617 393 quam
644 309 764 374 iniuria
791 310 930 394 experiri
952 310 1134 397 maluisset,

86 415 103 464 9
122 405 300 468 certaturos
323 398 439 482 fuisse,
466 419 506 461 ne
530 398 734 463 vincerentur
756 397 874 463 officio.
919 398 1133 483 Interrogati-

123 511 194 575 que,
213 510 275 573 quo
293 487 430 570 pignore
447 485 545 550 fidem
564 486 741 570 obligaturi
760 490 876 570 essent,
898 487 1010 570 vitam,
1034 509 1134 570 quam

122 578 317 660 acciperent,
340 574 471 658 pignori
494 574 635 640 futuram
664 595 732 638 esse
755 573 918 639 dixerunt:
940 574 1134 658 reddituros,

121 663 313 748 quandoque
327 664 508 745 repetisset.
535 660 604 727 Nec
618 662 813 745 promissum
825 660 1020 728 fefellerunt.
1045 661 1134 728 Nam

122 752 179 837 qui
205 751 333 817 remissi
365 750 477 816 domos
506 753 612 832 erant,
642 749 705 815 lide
733 749 919 814 continuere
945 751 1134 833 populares:

122 843 274 925 quattuor
296 840 382 904 inter
404 837 552 903 custodes
577 837 718 921 corporis
741 838 857 903 retenti
879 837 962 902 nulli
983 837 1134 903 Macedo

122 950 201 994 num
226 929 261 993 in
282 946 393 1011 regem
417 927 552 990 caritate
576 929 750 991 cesserunt.

70 1026 103 1076 10
209 1015 248 1079 In
276 1013 447 1098 Sogdianis
473 1013 631 1079 Peucolao
659 1035 731 1077 cum
758 1031 798 1079 111
826 1013 958 1078 milibus
986 1012 1163 1096 peditum4

121 1141 165 1150 -
189 1102 401 1186 nequeenim
428 1102 551 1166 maiore
572 1101 733 1184 praesidio
758 1100 927 1185 indigebat
952 1104 991 1147 ὲ
1016 1101 1134 1167 relicto

120 1191 241 1256 Bactra
269 1189 425 1272 pervenit.
470 1188 550 1254 Inde
571 1188 706 1253 Bessum
735 1187 903 1269 Ecbatana
930 1188 1004 1252 duci
1026 1189 1135 1273 iussit,

70 1290 102 1340 11
121 1279 290 1343 interfecto
314 1275 421 1339 Dareo
449 1297 568 1358 poenas
592 1276 697 1358 capite
724 1276 973 1359 persoluturum.
1024 1274 1135 1342 Isdem

121 1366 188 1430 fere
203 1363 316 1428 diebus
331 1363 534 1449 Ptolemaeus
554 1367 586 1428 et
600 1363 813 1429 Melamnidas
827 1362 972 1447 peditum
986 1380 1027 1428 111
1042 1365 1135 1429 milia

70 1465 103 1517 12
122 1456 156 1517 et
174 1452 297 1536 equites
316 1451 407 1515 mille
422 1450 623 1515 adduxerunt
636 1451 781 1516 mercede
794 1452 1000 1516 militaturos.
1027 1451 1134 1516 Asan-

122 1540 178 1604 der
202 1560 328 1623 quoque
352 1560 390 1602 ex
412 1537 514 1620 Lycia
537 1561 609 1603 cum
632 1540 704 1622 pari
726 1560 861 1604 numero
883 1538 1029 1621 peditum
1054 1541 1088 1604 et
1108 1557 1133 1604 1)

123 1628 285 1712 equitibus
308 1627 405 1691 venit.
445 1625 595 1690 Totidem
618 1649 656 1692 ex
676 1624 771 1708 Syria
792 1626 1064 1709 Asclepiodorum
1086 1649 1134 1692 se-

122 1715 317 1799 quebantur:
340 1713 515 1795 Antipater
535 1712 731 1779 Graecorum
749 1731 815 1778 vnr
828 1714 929 1797 milia,
948 1714 983 1778 in
1001 1715 1074 1798 quis
1087 1731 1134 1781 nc

70 1815 103 1864 11
123 1804 248 1886 equites
276 1804 382 1885 erant,
411 1801 552 1866 miserat.
596 1800 711 1885 Itaque
739 1802 999 1866 exercituauoto
1023 1802 1134 1885 adea,

122 1912 202 1974 quae
230 1889 409 1954 defectione
435 1889 567 1953 turbata
594 1893 699 1972 erant,
731 1888 943 1972 conponenda
973 1891 1135 1972 prooessit

121 1977 362 2060 interfectisque
401 1975 673 2041 consternationis
706 1977 893 2042 auctoribus
931 1981 1049 2059 quarto
1082 1978 1134 2043 die

122 2067 162 2130 ad
193 2067 313 2129 flumen
341 2062 447 2127 Oxum
474 2067 665 2146 perventum
693 2067 752 2127 est.
801 2063 878 2148 Hic,
909 2064 986 2147 quia
1018 2065 1135 2130 limum

69 2153 225 2236 revehit,
252 2150 398 2216 turbidus
427 2171 567 2234 semper,
594 2151 771 2215 insalubris
800 2154 850 2215 est
872 2152 973 2234 potui.
1018 2152 1135 2238 Itaque

120 2244 237 2323 puteos
269 2239 363 2303 miles
398 2241 547 2321 coeperat
578 2238 687 2303 fodere
709 2259 770 2303 nee
800 2242 911 2305 temen
938 2239 1038 2305 humo
1068 2242 1135 2308 alte

121 2331 233 2412 egesta
251 2325 412 2391 existebat
429 2325 556 2391 humor.
591 2324 674 2390 Tum
688 2326 721 2391 in
736 2326 807 2409 ipso
821 2327 1033 2392 tabernaculo
1046 2331 1135 2414 regis

120 2418 312 2498 conspectus
334 2415 384 2477 est
404 2413 492 2495 fons,
519 2434 615 2497 quem
638 2413 715 2496 quia
736 2413 827 2478 tarde
851 2418 1060 2498 notaverant,
1083 2439 1134 2481 sn·

120 2504 191 2567 bito
215 2502 360 2566 extitisse
381 2499 555 2565 finxerunt:
578 2521 697 2584 rexque
715 2501 785 2583 ipse
803 2501 890 2566 credi
908 2502 1023 2586 voluit,
1044 2505 1135 2569 (1111111

68 2590 241 2655 redonum
263 2588 298 2653 id
320 2588 430 2652 fuisse.
476 2586 642 2671 Superatis
671 2587 785 2653 deinde
813 2589 962 2654 amnibus
986 2589 1077 2658 Ocho
1102 2594 1134 2656 et

121 2677 191 2742 Oxo
225 2678 266 2743 ad
295 2676 408 2739 urbem
436 2673 640 2760 Margianam
669 2677 826 2758 pervenit.
875 2674 969 2742 Circa
996 2700 1070 2743 eam
1098 2697 1134 2745 vr

120 2764 247 2846 oppidis
271 2761 443 2826 condendis
471 2762 574 2826 electa
600 2762 692 2827 sedes
720 2766 784 2829 est:
815 2763 878 2829 duo
902 2763 942 2828 ad
965 2767 1133 2832 meridiem

120 2872 229 2999 qiertsab,
252 2867 305 2999 utu
325 2849 506 2999 spectantiq
527 2849 686 2999 orieqteqr
704 2851 849 3003 modieisB
860 2852 964 3004 inteq11
962 2874 998 2918 se
1017 2855 1133 2957 spatiis

155 2957 205 2999 sa
229 2958 299 3017 an,
326 2957 366 2999 ne
393 2956 493 3017 procu
529 2956 604 3016 repe
622 2957 661 2999 en
684 2959 739 3003 um
763 2960 832 3003 esse
870 2960 927 3003 mu
964 2962 1020 3006 um
1045 2965 1133 3008 aun·

68 3035 102 3085 16
119 3023 209 3087 lium.
258 3022 348 3085 Haec
374 3021 484 3085 omnia
511 3023 575 3087 sita
602 3026 679 3086 sunt
704 3024 740 3089 in
764 3025 857 3091 editis
881 3027 1036 3094 collibus:
1063 3034 1134 3096 tum

121 3109 210 3175 velut
228 3107 312 3173 freni
331 3107 524 3172 domitarum
544 3108 702 3192 gentium,
721 3132 806 3177 nunc
825 3113 961 3198 originis
981 3139 1060 3183 suae
1079 3120 1132 3185 ob·

121 3198 182 3263 lita
201 3195 360 3278 serviunt,
383 3195 499 3277 quibus
522 3195 772 3278 imperaverunt.

549 3347 629 3415 Gar.
652 3347 708 3417 XL

72 3471 91 3519 1
202 3457 253 3524 Et
274 3457 385 3522 cetera
404 3452 535 3538 quidem
552 3458 725 3537 pacaverat
743 3477 807 3522 rex.
846 3459 921 3528 Una
939 3471 1010 3531 eret
1029 3473 1132 3553 petra,
1139 3472 1169 3540 41

96 3565 200 3628 quam
234 3547 413 3614 Arimazes
451 3540 641 3631 Sogdianus
667 3560 747 3610 xxx
774 3545 910 3611 multius
938 3559 1136 3622 armatorum
