2356 3846
70 150 75 156 ’
118 159 187 224 254
493 161 525 228 Q.
545 160 656 217 culam
672 160 759 216 RUFI

114 309 154 370 ut
179 304 401 370 validissimas
423 305 557 370 navium
584 305 776 370 deducerent
792 305 837 369 in
862 302 1027 371 Oceanum
1054 325 1131 388 pro·

114 392 529 547 tltthdlltttll
551 393 1005 567 abstrudunt.
1018 414 1132 566 {tt}

115 591 188 635 cum
210 570 331 634 reverti
354 569 395 634 ad
418 592 453 634 se
474 570 606 635 vellent.

79 671 97 720 4
203 658 336 742 Iamque
363 659 515 744 mitigata
537 659 643 724 hieme
665 663 699 724 et
720 659 867 742 navibus,
891 680 973 742 quae
997 657 1130 723 inutiles
1139 664 1168 730 ΒΞ

80 746 322 829 ovidebantur,
346 747 497 812 crematis
524 751 612 812 terra
636 747 980 812 ducebatexeroitum.
1024 744 1131 811 Nonis

115 836 231 900 castris
253 836 287 900 in
309 837 477 920 regionem
499 835 675 921 Arabiton,
700 836 774 901 inde
796 836 934 900 totidem
958 833 1075 900 diebus
1097 836 1132 900 in

115 921 343 989 Cedrosiorum
369 921 558 1007 perventum
587 928 645 989 est.
689 924 787 989 Liber
813 923 867 989 hic
891 923 1032 1007 populus
1056 943 1130 988 con-

116 1012 190 1077 cilio
218 1012 331 1078 habito
362 1012 484 1078 dedidit
506 1035 540 1078 se
567 1034 626 1079 nec
654 1014 826 1098 quicquam
854 1011 971 1077 deditis
999 1015 1132 1096 praeter

79 1115 96 1163 6
115 1104 313 1166 commeatus
340 1102 534 1185 imperatum
562 1107 622 1166 est
662 1099 782 1177 Quinto
805 1101 881 1165 hinc
904 1100 956 1164 die
973 1101 1067 1165 venit
1090 1099 1131 1164 ad

114 1189 248 1254 flumen:
278 1189 425 1255 Arabum
451 1190 575 1255 incolae
604 1191 777 1276 appellant.
817 1188 921 1274 Regio
945 1188 1076 1254 deserta
1096 1191 1132 1253 et

115 1299 271 1361 aquarum
291 1279 385 1361 inops
404 1278 533 1362 excipit.
569 1277 675 1354 Quam
693 1300 840 1343 emensus
859 1278 894 1343 in
913 1275 1022 1342 Oritas
1042 1281 1131 1342 tran·

115 1366 171 1430 sit:
199 1366 246 1431 ibi
268 1367 425 1430 maiorem
447 1366 605 1432 exercitus
624 1371 751 1450 partem
769 1365 1005 1451 Hephaestioni
1029 1365 1132 1430 tradi·

114 1453 176 1535 dit,
208 1454 312 1519 levem
345 1460 542 1520 armaturam
575 1476 648 1520 cum
679 1455 865 1527 Ptolemaeo
896 1452 1132 1538 Leonnatoque

80 1542 255 1626 spartitns
284 1546 342 1607 est.
387 1542 465 1608 Tria
490 1543 587 1607 simul
610 1544 743 1628 agmina
765 1543 1007 1628 populabantur
1030 1541 1130 1630 Indos

110 1650 315 1716 magnaeque
333 1632 471 1714 praedae
490 1635 582 1697 actae
601 1636 689 1698 sunt:
710 1633 891 1698 maritimos
910 1631 1132 1714 Ptolemaeus,

113 1723 238 1784 ceteros
264 1721 333 1803 ipse
360 1741 416 1784 rex
445 1724 479 1784 et
501 1720 542 1784 ab
567 1721 631 1786 alia
653 1725 747 1805 parte
769 1719 958 1786 Leonnatus
980 1720 1131 1785 mebant

113 1805 152 1872 In
168 1807 230 1872 hac
249 1829 377 1892 quoqne
396 1810 529 1893 regione
547 1809 661 1874 urbem
679 1809 824 1875 condidit
841 1807 1034 1892 deductique
1054 1811 1131 1873 sunt

112 1895 148 1960 in
171 1916 243 1960 eam
265 1896 447 1962 Arachosii.

77 1996 94 2046 8
201 1984 287 2049 Hinc
308 1985 456 2068 pervenit
479 1984 519 2049 ad
536 1985 719 2051 maritimos
736 1985 843 2051 Indos.
880 1984 1055 2050 Desertam
1075 1990 1168 2057 va·40

114 2074 262 2157 stamque
293 2074 459 2156 regionem
493 2073 561 2138 late
592 2077 704 2139 tenent
736 2096 773 2139 ac
803 2095 844 2139 ne
876 2095 949 2140 cum
978 2073 1129 2138 finitimis

78 2160 243 2243 equidem
265 2161 332 2226 ullo
356 2162 541 2226 commercii
562 2163 632 2226 iure
654 2163 839 2227 miscentur.
883 2160 961 2247 lpsa
983 2163 1129 2227 solitudo

112 2252 230 2313 natura
261 2271 387 2333 quoque
419 2249 561 2315 immitia
589 2251 735 2316 efferavit
761 2251 908 2336 ingenia:
939 2250 1130 2334 prominent

113 2357 237 2422 ungues
267 2358 443 2421 numquam
471 2339 579 2421 recisi,
611 2360 720 2405 comae
748 2339 892 2404 hirsutae
916 2344 949 2404 et
976 2340 1130 2405 intonsae

61 2439 94 2488 10
113 2428 197 2489 sunt.
243 2423 387 2510 Tuguria
414 2426 545 2490 conchis
572 2431 606 2492 et
632 2428 746 2493 ceteris
774 2428 1000 2512 purgamentis
1027 2427 1128 2492 maris

112 2513 284 2580 instruunt.
320 2511 474 2578 Ferarum
497 2514 638 2598 pellibus
655 2517 735 2580 tecti
752 2516 895 2598 piscibus
914 2518 982 2580 sole
1001 2516 1128 2580 duratis

112 2606 145 2666 et
172 2603 331 2667 maiorum
369 2623 495 2687 quoque
531 2602 714 2686 beluarum,
750 2624 829 2685 quas
865 2603 984 2668 fluctus
1022 2604 1128 2687 eiecit,

61 2704 92 2751 11
112 2712 206 2756 carne
233 2694 413 2755 vescuntur.
459 2688 668 2774 Consumptis
700 2692 800 2776 igitur
831 2691 995 2757 alimentis
1022 2691 1127 2758 Mace·

112 2779 211 2844 dones
234 2779 339 2862 primo
361 2779 514 2863 inopiam,
537 2779 651 2844 deinde
675 2779 716 2844 ad
739 2780 890 2845 ultimum
911 2781 1035 2845 famem
1057 2802 1126 2846 sen·

110 2868 172 2932 tire
195 2871 383 2951 coeperunt,
409 2866 534 2931 radices
560 2867 743 2950 palmarum
769 2904 806 2915 -
831 2890 972 2954 namque
995 2870 1068 2934 sola
1089 2888 1128 2933 ea

61 2969 92 3016 12
113 2956 207 3020 arbor
240 2955 385 3040 gignitur
411 2990 449 3001 —
469 2954 589 3039 ubique
621 2955 787 3022 rimantes.
832 2956 908 3039 Sed,
939 2978 1014 3022 cum
1046 2957 1127 3023 haec

112 3065 238 3127 quoque
261 3045 417 3109 alimenta
440 3042 637 3127 defecerant,
659 3044 805 3110 iumenta
826 3045 959 3111 caedere
979 3045 1127 3130 adgressi

110 3153 151 3196 nc
175 3133 266 3216 equis
295 3132 424 3215 quidem
447 3133 670 3197 abstinebant:
702 3137 737 3198 et
759 3154 832 3198 cum
854 3135 1016 3218 deessent,
1043 3155 1127 3220 quae

112 3220 255 3284 sarcinas
286 3220 454 3305 veherent,
486 3220 590 3305 spolia
616 3222 656 3285 de
682 3220 846 3305 hostibus,
876 3226 1014 3309 propter
1043 3244 1128 3308 quac

111 3308 229 3372 ultima
266 3307 409 3374 Orientis
445 3314 712 3393 peragraverunt,
748 3311 936 3378 cremabant
965 3311 1128 3378 incendio.

52 3409 89 3455 13
104 3396 241 3462 Famem
274 3397 388 3462 deinde
415 3398 603 3481 pestilentia
629 3402 740 3466 secuta
767 3402 831 3484 est,
858 3399 979 3486 quippe
1001 3401 1128 3469 insalu-

94 3484 204 3551 brium
240 3488 393 3554 ciborum
426 3488 508 3556 novi
539 3487 625 3575 suci,
653 3487 697 3555 ad
722 3487 789 3554 hoc
817 3489 942 3555 itineris
969 3489 1068 3557 labor
1093 3495 1128 3557 et

20 3670 21 3676 ἵ
78 3576 264 3656 aegritudo
301 3581 414 3650 animi
441 3581 674 3671 vulgaverant
696 3578 835 3645 morbos
862 3580 900 3641 et
919 3596 985 3641 nec
1002 3598 1135 3643 manens
