2356 3846
95 155 159 220 102
467 153 500 221 Q.
519 154 630 211 cuam
647 154 734 211 arm

92 321 153 367 nec
176 304 232 366 aut
254 299 425 366 consilium
448 299 641 384 suppetebat
658 303 715 365 aut
732 321 808 366 vox:
829 321 904 365 oum
916 299 1107 384 Artabanus,

92 390 331 455 vetustissimus
363 388 551 473 amicorum,
585 409 679 471 quem
710 387 872 471 hospitem
902 387 1004 453 fuisse
1034 388 1107 452 Phi-

92 477 174 561 lippi
192 498 288 560 supra
306 476 453 559 diximus,
475 474 560 541 ‘Nos
578 475 675 559 vero’,
697 475 810 560 inquit,
828 474 1107 559 ςιιιιιιοιιιιιιιιιιιι

92 567 217 630 vestem
243 564 348 629 induti
375 565 548 648 armisque,
577 566 698 648 quanto
720 563 861 628 maximo
884 564 974 628 cultu
995 585 1108 647 possu-

93 674 177 736 mus,
209 652 358 717 adornati
384 672 495 737 regem
520 652 555 715 in
582 651 684 716 aciem
707 672 890 734 sequemur,
916 673 955 716 ea
978 652 1108 736 quidem

93 743 210 824 mente,
233 743 270 804 ut
287 740 455 805 victoriam
473 761 646 823 speremus,
664 743 802 804 mortem
818 761 885 805 non
903 739 1108 805 recusemus!

59 847 75 896 a
94 827 244 892 Adsensu
267 849 418 911 excepere
441 828 537 892 ceteri
558 827 643 892 hanc
665 849 791 911 vocem,
813 827 870 892 sed
891 825 1108 911 Nabarzanes,

94 915 149 1000 qui
171 917 206 980 ιιι
228 916 341 981 eodem
363 916 499 981 consilio
522 920 606 998 erut,
633 937 706 980 cum
728 914 830 980 Besso
851 915 991 980 inauditi
1013 919 1109 981 antae

92 1003 248 1069 facinoris
267 1004 421 1069 societate
438 1004 522 1068 inita
537 1023 648 1088 regem
666 1025 759 1068 suum
773 1024 831 1086 per
844 1003 972 1086 milites,
991 1004 1108 1088 quibus

94 1092 189 1156 ambo
212 1095 393 1174 praeerant,
414 1091 673 1174 conprehendere
696 1095 730 1155 et
751 1091 873 1156 vincire
890 1091 1108 1174 decreverant,

94 1200 132 1244 ea
155 1182 276 1262 ment‚e
298 1182 347 1260 ut,
371 1179 399 1243 si
421 1178 604 1244 Alexander
625 1180 713 1262 ipsos
735 1179 899 1244 insecutus
921 1179 1020 1263 foret,
1042 1184 1108 1245 tra·

94 1267 162 1332 dito
184 1287 260 1352 rege
282 1267 355 1330 vivo
375 1266 495 1331 inirent
513 1268 652 1351 gratiam
671 1267 810 1350 victoris,
832 1267 944 1352 magni
961 1267 1107 1351 profecto

93 1355 216 1437 cepisse
242 1353 385 1420 Dareum
413 1354 627 1438 aestimaturi,
656 1355 708 1419 sin
735 1358 843 1419 autem
871 1375 944 1419 eum
967 1355 1107 1442 effugere

92 1442 288 1525 potuissent,
319 1441 489 1507 interfecto
515 1441 623 1508 Dareo
654 1462 790 1528 regnum
821 1442 884 1526 ipsi
913 1447 1108 1526 occuparent

57 1549 73 1598 a
92 1530 274 1614 bellumque
304 1533 506 1595 renovarent
550 1530 622 1594 Hoc
648 1530 856 1614 parricidium
878 1552 952 1595 cum
975 1531 1031 1596 diu
1053 1553 1107 1597 ro

92 1618 260 1699 lutassent,
282 1616 490 1684 Nabarzanes
513 1619 581 1682 adit
567 1623 637 1682 tum
652 1618 795 1682 nefariae
813 1619 883 1701 spei
899 1639 1107 1702 praeparans,

93 1703 181 1770 Scio
214 1704 281 1769 me’
282 1706 439 1790 ,inquit
472 1705 680 1770 sententiam
710 1727 780 1770 esse
812 1706 971 1770 dicturum
1001 1707 1108 1791 prima

92 1794 197 1877 specie
219 1755 468 1894 haudquaquam
490 1794 622 1858 auribus
644 1794 710 1858 tuis
732 1797 868 1878 gratam
905 1792 968 1858 Sed
991 1795 1108 1859 medici

92 1902 220 1964 quoque
252 1882 416 1966 graviores
445 1882 576 1947 morbos
606 1881 729 1964 asperis
755 1881 904 1946 remediis
931 1886 1049 1947 curant
1076 1885 1109 1946 et

91 1969 303 2069 gubernator,
334 1969 389 2033 ubi
416 1969 622 2053 naufragium
648 1968 755 2051 timet,
785 1969 922 2053 iactura,
950 1968 1108 2055 quidquid

56 2057 214 2122 rservari
235 2078 277 2140 po
279 2060 358 2140 test,
379 2056 517 2120 redimit.
561 2057 634 2142 Ego
656 2059 781 2142 tamen,
802 2077 870 2121 non
892 2059 930 2120 ut
952 2056 1108 2122 damnum

92 2144 221 2227 quidem
243 2144 356 2227 facias,
379 2143 507 2228 suadeo,
530 2144 585 2208 sed
608 2148 646 2209 ut
666 2147 699 2208 te
722 2164 760 2208 ac
782 2163 917 2229 regnum
938 2147 1034 2209 tuum
1057 2167 1108 2210 su·

90 2231 175 2295 lubri
202 2232 327 2295 ratione
353 2252 531 2297 conserves.
575 2230 636 2297 Dis
664 2232 806 2296 adversis
834 2231 954 2296 bellum
976 2232 1108 2315 inimus,

91 2321 124 2383 et
146 2319 294 2401 pertinax
316 2319 447 2384 fortuna
467 2317 582 2384 Persas
604 2339 719 2404 urgere
740 2340 808 2384 non
830 2318 958 2383 desinit.
1002 2318 1107 2386 Novis

89 2406 193 2471 initiis
220 2408 254 2472 et
276 2407 438 2471 ominibus
460 2428 541 2491 opus
564 2410 622 2472 est
667 2406 857 2490 Auspicium
879 2411 913 2473 et
934 2408 1108 2491 imperium

90 2494 220 2559 interim
249 2494 304 2559 alii
331 2494 436 2577 trade,
467 2495 523 2578 qui
549 2495 672 2560 tamdiu
700 2515 756 2559 rex
783 2495 974 2579 appelletur,
1004 2494 1108 2562 donec

90 2581 171 2647 Asia
192 2582 326 2647 decedat
346 2582 460 2665 hostis,
481 2583 585 2648 vietor
606 2582 721 2647 deinde
741 2602 879 2668 regnum
901 2582 963 2647 tibi
983 2583 1107 2649 reddat

55 2668 162 2735 5Hoc
185 2675 294 2736 autem
315 2671 407 2735 brevi
427 2670 573 2736 futurum
594 2672 677 2736 ratio
700 2671 871 2756 promittit
914 2669 1035 2736 Bactra
1056 2672 1108 2738 in·

89 2759 178 2822 tacta
201 2762 290 2842 sunt,
311 2757 385 2823 Indi
408 2761 441 2823 et
463 2756 562 2823 Sacae
585 2758 621 2822 in
642 2761 700 2824 tua
720 2761 897 2842 potestate:
920 2760 972 2823 tot
991 2760 1107 2842 populi

89 2846 141 2908 tot
168 2846 336 2929 exercitus,
367 2848 418 2910 tot
440 2846 583 2929 equitum
605 2845 812 2930 peditumque
834 2845 924 2910 milia
946 2845 987 2910 ad
1010 2867 1107 2913 reno·

89 2930 210 2995 vendas
228 2933 312 2997 vires
330 2936 445 3016 parata
461 2931 591 3014 habent,
613 2934 651 2996 ut
667 2932 771 2997 maior
787 2932 865 2996 belli
878 2934 980 2997 moles
994 2954 1106 3018 super·

54 3019 147 3101 esit,
179 3040 274 3119 quam
302 3020 460 3085 exhaustu
485 3019 536 3083 sit.
580 3017 665 3094 Quid
692 3019 816 3083 ruimus
843 3020 1012 3086 beluarum
1038 3022 1106 3087 ritu

89 3106 124 3171 ιιι
151 3106 326 3207 perniciem
348 3129 416 3172 non
438 3104 674 3172 neeessariam?
718 3105 866 3172 Fortium
889 3109 1032 3174 virorum
1054 3114 1106 3176 est

54 3193 196 3347 ιιι
217 3197 508 3346 ιιι
376 3197 711 3278 ”³¹¹²
725 3193 955 3365 urere
956 3194 1105 3368 ιιι

89 3369 136 3434 At
167 3369 250 3433 nihil
280 3368 383 3434 virtus
412 3369 614 3453 inexpertum
642 3369 774 3434 omittit.
823 3369 924 3454 Atqui
954 3372 1104 3437 ultimum

82 3458 230 3522 omnium
258 3478 348 3523 mors
375 3460 437 3522 est:
465 3455 506 3522 ud
532 3479 630 3560 quum
656 3477 725 3523 non
750 3457 844 3543 pigre
871 3457 918 3522 ire
941 3459 1020 3525 satis
1044 3463 1103 3525 est

21 3556 46 3602 ε
61 3539 213 3608 Promde
234 3567 264 3611 ιι
261 3543 426 3634 Bactra,
452 3544 543 3635 quod
565 3545 767 3615 tutissimum
785 3547 1026 3629 receptaculum
1045 3552 1106 3628 est,
