2356 3846
126 155 193 220 246
503 154 536 223 o.
556 114 770 211 ouarr‘aurr

128 299 162 365 id
188 301 295 365 facere
326 299 595 365 tumultuantium
622 299 855 364 vociferatione
882 298 1140 382 prohiberentur.

76 400 110 451 10
127 387 197 473 Ille,
215 388 300 454 siout
317 387 456 454 nudatus
476 392 555 472 erat,
572 388 719 472 pervenit
737 389 778 453 ad
797 385 936 452 Graecos
955 390 989 452 et
1007 387 1139 452 misera·

128 477 205 543 bilis
241 477 341 543 facies
373 477 534 562 supplicio
566 476 722 542 destinati
754 478 790 542 in
822 475 984 541 diversum
1015 476 1141 541 animos

77 576 109 626 11
129 569 263 650 repente
285 567 424 633 mutavit
446 565 631 650 dimittique
654 588 727 630 eum
748 566 918 632 iusserant
954 563 1028 629 Hoc
1045 563 1140 629 modo

128 676 233 740 poena
260 655 310 721 bis
332 655 490 720 liberatus
518 677 590 721 cum
614 655 745 738 ceteris,
772 655 828 738 qui
855 654 999 718 colonias
1022 675 1043 718 a
1065 672 1141 737 rege

129 743 533 827 attributasreliquerunt,
556 743 691 808 revertit
707 743 742 808 in
760 743 911 828 patriam.
949 740 1040 807 Haec
1059 742 1141 807 circa

128 830 248 898 Baetra
270 837 304 898 et
326 830 520 916 Scytharum
542 832 699 898 terminos
723 835 825 916 gesta.

77 930 110 980 12
217 920 354 987 Interim
379 940 492 1005 regem
514 920 651 986 duarum
673 921 833 1004 gentium,
855 920 902 985 de
924 919 1042 1003 quibus
1067 921 1141 984 ante
1156 924 1175 971 d

129 1008 329 1092 dictumest,
352 1010 493 1093 elegati
512 1010 640 1074 adeunt.
681 1008 800 1074 Omnes
819 1030 914 1074 curru
932 1007 1143 1091 vehebantur,

129 1098 248 1162 eximia
266 1098 488 1182 magnitudine
515 1119 700 1181 corporum,
729 1098 845 1162 decoro
873 1096 1005 1161 habitu:
1036 1095 1142 1161 lineae

77 1194 110 1245 13
128 1190 236 1252 vestes
259 1187 386 1251 intexto
410 1208 489 1251 auro
512 1207 717 1270 purpuraque
740 1185 929 1251 destinatae.
966 1183 1010 1249 Ei
1033 1184 1142 1250 sede

130 1273 205 1339 dere
226 1276 330 1359 ipsos,
352 1275 448 1339 urbes
473 1295 632 1359 agrosque
654 1275 848 1358 referebant,
871 1294 929 1358 per
945 1275 999 1338 tot
1015 1275 1143 1338 aetates

128 1363 319 1428 inviolatam
349 1363 533 1428 libertatern
561 1363 652 1428 illius
679 1362 821 1447 primum
852 1361 929 1428 fidei
959 1361 1143 1447 dicionique

128 1451 356 1534 permissuros:
378 1451 456 1517 deos
475 1452 538 1517 sibi
556 1450 731 1517 deditionis
749 1455 907 1535 auctores,
924 1471 992 1516 non
1009 1453 1145 1533 metum,

77 1550 111 1599 14
130 1540 248 1623 quippe
271 1534 403 1604 intactis
430 1539 554 1606 viribus
577 1540 689 1625 iugum
712 1540 867 1624 excipere.
911 1538 981 1603 Rex
1003 1538 1144 1604 oonsilio

128 1627 243 1694 habito
272 1627 397 1694 deditos
425 1628 460 1693 in
485 1628 582 1693 fidem
605 1629 729 1713 accepit
751 1627 928 1713 stipendio,
952 1626 1041 1711 qnod
1063 1626 1144 1693 Ara·

128 1716 248 1781 chosiis
270 1721 407 1801 utraque
430 1717 521 1783 natio
543 1717 743 1800 pensitabat,
770 1717 923 1800 inposito.
967 1714 1145 1782 Praeterea

128 1823 155 1869 11
178 1805 270 1870 milia
293 1808 327 1869 et
348 1824 372 1869 Ι)
397 1807 519 1890 equites
542 1807 682 1890 imperat
705 1809 738 1870 et
760 1807 870 1871 omnia
891 1803 1104 1869 oboedienter
1125 1826 1145 1870 a

76 1903 110 1954 15
128 1892 277 1958 barbaris
313 1894 410 1959 facta.
459 1894 611 1958 Invitatis
647 1894 761 1958 deinde
797 1894 839 1958 ad
875 1892 989 1976 epulas
1022 1892 1144 1978 legatis

129 1982 276 2066 gentium
298 1983 484 2067 regulisque
503 1982 652 2047 exornari
663 1982 854 2047 ‘convivium
871 1981 977 2047 iussit
1012 1997 1035 2046 o
1054 1981 1144 2047 aursi

128 2070 205 2135 lecti
232 2070 367 2136 modicis
395 2071 574 2136 intervallis
598 2071 698 2155 positi
720 2074 822 2155 erant,
844 2069 938 2135 lectis
964 2068 1143 2136 circumde-

129 2158 220 2223 derat
244 2159 358 2224 aulaee
380 2181 523 2243 purpura
546 2180 686 2245 auroque
708 2159 878 2245 fulgentia,
905 2157 1063 2242 quidquid
1087 2162 1143 2223 ant

129 2246 214 2331 apud
245 2246 361 2312 Persas
393 2251 503 2312 vetere
535 2248 612 2312 luxu
643 2251 700 2313 aut
728 2247 814 2332 apud
841 2246 1036 2312 Macedonas
1058 2268 1141 2314 nora

129 2335 357 2401 immutatione
376 2339 563 2420 corruptum
581 2340 665 2419 erat,
688 2335 830 2402 confusis
848 2335 1018 2419 utriusque
1032 2335 1140 2420 gentis

76 2434 110 2486 16
128 2424 218 2489 vitiis
241 2424 276 2491 in
298 2425 356 2489 illo
376 2424 524 2490 convivio
544 2424 723 2489 ostendens.
760 2423 922 2489 Intererat
939 2423 1046 2507 epulis
1064 2421 1139 2489 Dio·
1167 2431 1169 2470 ³

127 2513 245 2598 xippus
267 2511 496 2596 !Atheniensis,
524 2512 617 2597 pugil
638 2512 760 2578 nobilis
783 2516 817 2577 et
839 2513 881 2577 ob
905 2512 1059 2578 eximiam
1080 2512 1139 2577 vir·

127 2605 233 2666 tutem
259 2600 376 2666 virium
403 2601 503 2665 etiam
530 2601 600 2684 regi
626 2604 781 2685 pernotus
809 2604 842 2666 et
868 2602 990 2686 gratus.
1033 2599 1139 2665 Invidi

127 2689 328 2774 malignique
358 2689 568 2773 increpabant
597 2710 656 2773 per
687 2689 773 2755 seria
798 2692 832 2754 et
858 2688 970 2754 ludum
996 2688 1139 2774 saginati

129 2778 272 2862 corporis
304 2779 397 2862 sequi
428 2778 576 2843 inutilem
608 2777 750 2843 beluam:
787 2799 860 2844 cum
888 2777 955 2861 ipsi
980 2777 1139 2862 proelium

128 2867 260 2951 inirent,
298 2867 369 2931 oleo
400 2866 583 2931 madentem
618 2887 812 2950 praeparare
848 2869 996 2932 ventrem
1027 2865 1139 2951 epulis

77 2965 110 3015 17
130 2953 254 3021 Eadem
277 2955 379 3039 igitur
401 2954 436 3018 in
457 2953 603 3019 convivio
621 2953 782 3019 Horratas
799 2953 934 3020 Macedo
955 2953 1022 3020 iam
1039 2959 1139 3021 temo

128 3043 236 3108 lentus
269 3043 463 3128 exprobrare
490 3043 520 3108 ei
547 3042 655 3126 coepit
685 3047 719 3108 et
743 3043 927 3127 postulare,
955 3046 1007 3128 nt,
1036 3043 1067 3109 si
1092 3043 1140 3108 vir

130 3135 229 3216 esset,
251 3135 383 3214 postero
403 3131 455 3196 die
474 3152 581 3196 secum
603 3129 689 3196 ferro
713 3130 912 3197 decerneret:
938 3151 1052 3216 regem
1074 3135 1140 3197 tan

128 3220 202 3285 dem
224 3220 276 3285 vel
298 3220 338 3285 dc
361 3242 419 3286 sua
437 3219 620 3285 temcmtate
639 3220 691 3284 vel
710 3219 749 3285 ds
766 3220 855 3285 illius
872 3220 1005 3306 ignavia
1022 3220 1140 3286 iudica

77 3318 111 3370 18
129 3312 249 3374 tnrum.
284 3306 329 3373 Et
352 3331 371 3374 a
389 3308 552 3393 Dioxippo
573 3309 783 3393 contemptim
800 3308 976 3375 militarem
993 3308 1141 3375 eludente

126 3397 284 3463 ferociam
309 3401 442 3481 accepta
465 3397 610 3462 condicio
630 3401 681 3462 est
703 3417 741 3462 ac
763 3400 894 3481 postero
912 3396 966 3462 die
982 3418 1051 3485 rex,
1071 3417 1141 3465 cum

113 3487 218 3552 etiarn
245 3487 355 3555 scmus
374 3490 545 3555 certamen
563 3489 792 3574 exposcerent,
803 3486 880 3569 quia
895 3484 1062 3553 deterrere
1077 3506 1142 3553 non

41 3579 83 3628 ¹9
93 3579 256 3666 Poterat,
281 3579 459 3650 destinata
484 3578 607 3668 exequi
628 3597 752 3665 passus
766 3577 830 3640 est
857 3572 1144 3656 ingeminum
