<?xml version="1.0" encoding="UTF-8"?>
<!DOCTYPE html PUBLIC "-//W3C//DTD XHTML 1.0 Transitional//EN"
    "http://www.w3.org/TR/xhtml1/DTD/xhtml1-transitional.dtd">
<html xmlns="http://www.w3.org/1999/xhtml" xml:lang="en" lang="en">
 <head>
  <title>
</title>
<meta http-equiv="Content-Type" content="text/html;charset=utf-8" />
  <meta name='ocr-system' content='tesseract 3.04.00' />
  <meta name='ocr-capabilities' content='ocr_page ocr_carea ocr_par ocr_line ocrx_word'/>
</head>
<body>
  <div class='ocr_page' id='page_1' title='image "./incertiauctoris00heydgoog_0100.png"; bbox 0 0 2356 3846; ppageno 0'>
   <div class='ocr_carea' id='block_1_1' title="bbox 112 151 749 219">
    <p class='ocr_par' dir='ltr' id='par_1_1' title="bbox 112 151 749 219">
     <span class='ocr_line' id='line_1_1' title="bbox 112 151 749 219; baseline -0.002 -11"><span class='ocrx_word' id='word_1_1' title='bbox 112 153 155 219; x_wconf 85' lang='lat'><strong>68</strong></span> <span class='ocrx_word' id='word_1_2' title='bbox 486 151 518 218; x_wconf 79' lang='lat' dir='ltr'><strong>Q.</strong></span> <span class='ocrx_word' id='word_1_3' title='bbox 537 151 646 207; x_wconf 79' lang='lat' dir='ltr'><strong>CURTI</strong></span> <span class='ocrx_word' id='word_1_4' title='bbox 663 151 749 207; x_wconf 78' lang='lat' dir='ltr'><strong>RUFI</strong></span> 
     </span>
    </p>
   </div>
   <div class='ocr_carea' id='block_1_2' title="bbox 9 296 1173 3547">
    <p class='ocr_par' dir='ltr' id='par_1_2' title="bbox 111 296 1122 911">
     <span class='ocr_line' id='line_1_2' title="bbox 111 296 1120 382; baseline -0.001 -18"><span class='ocrx_word' id='word_1_5' title='bbox 111 301 156 364; x_wconf 91' lang='lat' dir='ltr'><strong>ite</strong></span> <span class='ocrx_word' id='word_1_6' title='bbox 179 299 220 363; x_wconf 88' lang='lat' dir='ltr'><strong>ad</strong></span> <span class='ocrx_word' id='word_1_7' title='bbox 243 299 365 382; x_wconf 88' lang='lat' dir='ltr'><strong>copias,</strong></span> <span class='ocrx_word' id='word_1_8' title='bbox 388 297 504 381; x_wconf 89' lang='lat' dir='ltr'><strong>quibus</strong></span> <span class='ocrx_word' id='word_1_9' title='bbox 527 296 662 380; x_wconf 88' lang='lat' dir='ltr'><strong>quisque</strong></span> <span class='ocrx_word' id='word_1_10' title='bbox 684 299 825 380; x_wconf 87' lang='lat' dir='ltr'><strong>praeest:</strong></span> <span class='ocrx_word' id='word_1_11' title='bbox 852 316 913 381; x_wconf 86' lang='lat' dir='ltr'><strong>ego</strong></span> <span class='ocrx_word' id='word_1_12' title='bbox 935 296 1001 360; x_wconf 89' lang='lat' dir='ltr'><strong>iam</strong></span> <span class='ocrx_word' id='word_1_13' title='bbox 1024 296 1120 363; x_wconf 86' lang='lat' dir='ltr'><strong>adero</strong></span> 
     </span>
     <span class='ocr_line' id='line_1_3' title="bbox 112 383 1119 471; baseline -0.002 -20"><span class='ocrx_word' id='word_1_14' title='bbox 112 391 153 465; x_wconf 85' lang='lat' dir='ltr'><strong>ot,</strong></span> <span class='ocrx_word' id='word_1_15' title='bbox 178 386 256 471; x_wconf 91' lang='lat' dir='ltr'><strong>quid</strong></span> <span class='ocrx_word' id='word_1_16' title='bbox 278 386 347 450; x_wconf 90' lang='lat' dir='ltr'><strong>fieri</strong></span> <span class='ocrx_word' id='word_1_17' title='bbox 369 385 475 469; x_wconf 86' lang='lat' dir='ltr'><strong>velim,</strong></span> <span class='ocrx_word' id='word_1_18' title='bbox 498 383 675 469; x_wconf 70' lang='lat' dir='ltr'><strong>exponam?</strong></span> <span class='ocrx_word' id='word_1_19' title='bbox 711 383 798 449; x_wconf 89' lang='lat' dir='ltr'><strong>Raro</strong></span> <span class='ocrx_word' id='word_1_20' title='bbox 822 384 993 450; x_wconf 87' lang='lat' dir='ltr'><strong>admodum</strong></span> <span class='ocrx_word' id='word_1_21' title='bbox 1012 384 1119 449; x_wconf 88' lang='lat' dir='ltr'><strong>admo·</strong></span> 
     </span>
     <span class='ocr_line' id='line_1_4' title="bbox 111 472 1121 558; baseline -0.002 -18"><span class='ocrx_word' id='word_1_22' title='bbox 111 476 184 541; x_wconf 90' lang='lat' dir='ltr'><strong>nitu</strong></span> <span class='ocrx_word' id='word_1_23' title='bbox 206 475 310 558; x_wconf 86' lang='lat' dir='ltr'><strong>magis</strong></span> <span class='ocrx_word' id='word_1_24' title='bbox 334 473 519 556; x_wconf 87' lang='lat' dir='ltr'><strong>amicorum,</strong></span> <span class='ocrx_word' id='word_1_25' title='bbox 542 495 638 558; x_wconf 88' lang='lat' dir='ltr'><strong>quam</strong></span> <span class='ocrx_word' id='word_1_26' title='bbox 660 476 748 537; x_wconf 90' lang='lat' dir='ltr'><strong>metu</strong></span> <span class='ocrx_word' id='word_1_27' title='bbox 771 473 963 537; x_wconf 80' lang='lat' dir='ltr'><strong>discriminis</strong></span> <span class='ocrx_word' id='word_1_28' title='bbox 982 472 1121 538; x_wconf 87' lang='lat' dir='ltr'><strong>adeundi</strong></span> 
     </span>
     <span class='ocr_line' id='line_1_5' title="bbox 111 561 1121 645; baseline -0.002 -17"><span class='ocrx_word' id='word_1_29' title='bbox 111 563 233 628; x_wconf 79' lang='lat' dir='ltr'><strong>thorace</strong></span> <span class='ocrx_word' id='word_1_30' title='bbox 254 563 302 627; x_wconf 91' lang='lat' dir='ltr'><strong>uti</strong></span> <span class='ocrx_word' id='word_1_31' title='bbox 325 563 459 627; x_wconf 76' lang='lat' dir='ltr'><strong>solebat.</strong></span> <span class='ocrx_word' id='word_1_32' title='bbox 492 561 583 625; x_wconf 81' lang='lat' dir='ltr'><strong>&#39;Punc</strong></span> <span class='ocrx_word' id='word_1_33' title='bbox 606 582 731 645; x_wconf 86' lang='lat' dir='ltr'><strong>quoque</strong></span> <span class='ocrx_word' id='word_1_34' title='bbox 753 561 954 625; x_wconf 88' lang='lat' dir='ltr'><strong>munimento</strong></span> <span class='ocrx_word' id='word_1_35' title='bbox 977 561 1121 644; x_wconf 87' lang='lat' dir='ltr'><strong>corporis</strong></span> 
     </span>
     <span class='ocr_line' id='line_1_6' title="bbox 112 648 1122 735; baseline -0.003 -19"><span class='ocrx_word' id='word_1_36' title='bbox 112 654 240 735; x_wconf 92' lang='lat' dir='ltr'><strong>sumpto</strong></span> <span class='ocrx_word' id='word_1_37' title='bbox 262 651 418 734; x_wconf 85' lang='lat' dir='ltr'><strong>processit</strong></span> <span class='ocrx_word' id='word_1_38' title='bbox 440 649 481 714; x_wconf 90' lang='lat' dir='ltr'><strong>ad</strong></span> <span class='ocrx_word' id='word_1_39' title='bbox 503 649 630 713; x_wconf 78' lang='lat' dir='ltr'><strong>milites.</strong></span> <span class='ocrx_word' id='word_1_40' title='bbox 669 648 766 713; x_wconf 83' lang='lat' dir='ltr'><strong>Haud</strong></span> <span class='ocrx_word' id='word_1_41' title='bbox 789 648 869 714; x_wconf 87' lang='lat' dir='ltr'><strong>alias</strong></span> <span class='ocrx_word' id='word_1_42' title='bbox 891 651 960 712; x_wconf 92' lang='lat' dir='ltr'><strong>tam</strong></span> <span class='ocrx_word' id='word_1_43' title='bbox 982 650 1122 713; x_wconf 78' lang='lat' dir='ltr'><strong>alacrem</strong></span> 
     </span>
     <span class='ocr_line' id='line_1_7' title="bbox 111 737 1122 823; baseline -0.003 -20"><span class='ocrx_word' id='word_1_44' title='bbox 111 738 260 803; x_wconf 83' lang='lat' dir='ltr'><strong>viderant</strong></span> <span class='ocrx_word' id='word_1_45' title='bbox 290 759 399 823; x_wconf 86' lang='lat' dir='ltr'><strong>regem</strong></span> <span class='ocrx_word' id='word_1_46' title='bbox 430 741 463 802; x_wconf 90' lang='lat' dir='ltr'><strong>et</strong></span> <span class='ocrx_word' id='word_1_47' title='bbox 494 737 584 802; x_wconf 86' lang='lat' dir='ltr'><strong>vultu</strong></span> <span class='ocrx_word' id='word_1_48' title='bbox 612 737 679 801; x_wconf 87' lang='lat' dir='ltr'><strong>eius</strong></span> <span class='ocrx_word' id='word_1_49' title='bbox 706 737 854 802; x_wconf 84' lang='lat' dir='ltr'><strong>interrito</strong></span> <span class='ocrx_word' id='word_1_50' title='bbox 882 740 1003 802; x_wconf 89' lang='lat' dir='ltr'><strong>certam</strong></span> <span class='ocrx_word' id='word_1_51' title='bbox 1029 757 1122 821; x_wconf 88' lang='lat' dir='ltr'><strong>spem</strong></span> 
     </span>
     <span class='ocr_line' id='line_1_8' title="bbox 111 827 535 911; baseline -0.005 -20"><span class='ocrx_word' id='word_1_52' title='bbox 111 827 263 891; x_wconf 83' lang='lat' dir='ltr'><strong>victoriae</strong></span> <span class='ocrx_word' id='word_1_53' title='bbox 286 827 535 911; x_wconf 79' lang='lat' dir='ltr'>augurabantur.</span> 
     </span>
    </p>

    <p class='ocr_par' dir='ltr' id='par_1_3' title="bbox 40 905 1173 1262">
     <span class='ocr_line' id='line_1_9' title="bbox 40 905 1173 998; baseline -0.006 -14"><span class='ocrx_word' id='word_1_54' title='bbox 40 935 94 986; x_wconf 80' lang='lat'><strong>-26</strong></span> <span class='ocrx_word' id='word_1_55' title='bbox 200 915 309 998; x_wconf 88' lang='lat' dir='ltr'><strong>Atque</strong></span> <span class='ocrx_word' id='word_1_56' title='bbox 330 915 384 979; x_wconf 89' lang='lat' dir='ltr'><strong>ille</strong></span> <span class='ocrx_word' id='word_1_57' title='bbox 407 917 540 996; x_wconf 92' lang='lat' dir='ltr'><strong>proruto</strong></span> <span class='ocrx_word' id='word_1_58' title='bbox 563 914 647 978; x_wconf 89' lang='lat' dir='ltr'><strong>vallo</strong></span> <span class='ocrx_word' id='word_1_59' title='bbox 669 913 754 977; x_wconf 86' lang='lat' dir='ltr'><strong>exire</strong></span> <span class='ocrx_word' id='word_1_60' title='bbox 772 913 882 998; x_wconf 88' lang='lat' dir='ltr'><strong>copias</strong></span> <span class='ocrx_word' id='word_1_61' title='bbox 899 905 990 978; x_wconf 89' lang='lat' dir='ltr'><strong>iubet</strong></span> <span class='ocrx_word' id='word_1_62' title='bbox 1007 911 1173 978; x_wconf 82' lang='lat' dir='ltr'><strong>aciem-50</strong></span> 
     </span>
     <span class='ocr_line' id='line_1_10' title="bbox 113 1000 1125 1101; baseline -0.002 -35"><span class='ocrx_word' id='word_1_63' title='bbox 113 1024 174 1086; x_wconf 90' lang='lat' dir='ltr'><strong>que</strong></span> <span class='ocrx_word' id='word_1_64' title='bbox 205 1002 357 1086; x_wconf 78' lang='lat' dir='ltr'><strong>disponit.</strong></span> <span class='ocrx_word' id='word_1_65' title='bbox 411 1000 451 1066; x_wconf 94' lang='lat' dir='ltr'><strong>In</strong></span> <span class='ocrx_word' id='word_1_66' title='bbox 481 1001 592 1066; x_wconf 81' lang='lat' dir='ltr'><strong>dextro</strong></span> <span class='ocrx_word' id='word_1_67' title='bbox 625 1023 725 1067; x_wconf 89' lang='lat' dir='ltr'><strong>cornu</strong></span> <span class='ocrx_word' id='word_1_68' title='bbox 756 1001 854 1067; x_wconf 89' lang='lat' dir='ltr'><strong>locati</strong></span> <span class='ocrx_word' id='word_1_69' title='bbox 886 1004 963 1065; x_wconf 91' lang='lat' dir='ltr'><strong>sunt</strong></span> <span class='ocrx_word' id='word_1_70' title='bbox 990 1001 1125 1101; x_wconf 72' lang='lat' dir='ltr'><strong>equites,</strong></span> 
     </span>
     <span class='ocr_line' id='line_1_11' title="bbox 112 1087 1126 1262; baseline -0.002 -20"><span class='ocrx_word' id='word_1_71' title='bbox 112 1087 1126 1262; x_wconf 56' lang='lat' dir='ltr'><strong>tlttatlrlffllltlttdssssllfttlltalllot</strong></span> 
     </span>
    </p>

    <p class='ocr_par' dir='ltr' id='par_1_4' title="bbox 61 1263 1124 1438">
     <span class='ocr_line' id='line_1_12' title="bbox 61 1263 1124 1349; baseline -0.007 -14"><span class='ocrx_word' id='word_1_72' title='bbox 61 1286 93 1335; x_wconf 75' lang='lat'><strong>27</strong></span> <span class='ocrx_word' id='word_1_73' title='bbox 114 1266 181 1330; x_wconf 88' lang='lat' dir='ltr'><strong>eius</strong></span> <span class='ocrx_word' id='word_1_74' title='bbox 204 1266 367 1349; x_wconf 82' lang='lat' dir='ltr'><strong>adplicuit</strong></span> <span class='ocrx_word' id='word_1_75' title='bbox 404 1263 527 1330; x_wconf 90' lang='lat' dir='ltr'><strong>Ultima</strong></span> <span class='ocrx_word' id='word_1_76' title='bbox 544 1264 698 1349; x_wconf 79' lang='lat' dir='ltr'><strong>Meleagri</strong></span> <span class='ocrx_word' id='word_1_77' title='bbox 720 1267 772 1330; x_wconf 89' lang='lat' dir='ltr'><strong>ala</strong></span> <span class='ocrx_word' id='word_1_78' title='bbox 794 1266 902 1330; x_wconf 89' lang='lat' dir='ltr'><strong>stabat</strong></span> <span class='ocrx_word' id='word_1_79' title='bbox 924 1286 1021 1349; x_wconf 91' lang='lat' dir='ltr'><strong>quam</strong></span> <span class='ocrx_word' id='word_1_80' title='bbox 1043 1263 1124 1346; x_wconf 90' lang='lat' dir='ltr'><strong>pha—</strong></span> 
     </span>
     <span class='ocr_line' id='line_1_13' title="bbox 113 1352 1124 1438; baseline -0.001 -21"><span class='ocrx_word' id='word_1_81' title='bbox 113 1355 190 1418; x_wconf 82' lang='lat' dir='ltr'><strong>lanx</strong></span> <span class='ocrx_word' id='word_1_82' title='bbox 212 1354 416 1436; x_wconf 88' lang='lat' dir='ltr'><strong>sequebatur,</strong></span> <span class='ocrx_word' id='word_1_83' title='bbox 444 1357 520 1436; x_wconf 89' lang='lat' dir='ltr'><strong>post</strong></span> <span class='ocrx_word' id='word_1_84' title='bbox 540 1353 736 1438; x_wconf 89' lang='lat' dir='ltr'><strong>phalangem</strong></span> <span class='ocrx_word' id='word_1_85' title='bbox 759 1352 992 1438; x_wconf 84' lang='lat' dir='ltr'><strong>Argyraspides</strong></span> <span class='ocrx_word' id='word_1_86' title='bbox 1015 1355 1124 1416; x_wconf 86' lang='lat' dir='ltr'><strong>erant:</strong></span> 
     </span>
    </p>

    <p class='ocr_par' dir='ltr' id='par_1_5' title="bbox 61 1439 1124 1879">
     <span class='ocr_line' id='line_1_14' title="bbox 61 1439 1123 1524; baseline -0.001 -19"><span class='ocrx_word' id='word_1_87' title='bbox 61 1462 95 1512; x_wconf 78' lang='lat' dir='ltr'><strong>aa</strong></span> <span class='ocrx_word' id='word_1_88' title='bbox 113 1441 164 1506; x_wconf 90' lang='lat' dir='ltr'><strong>his</strong></span> <span class='ocrx_word' id='word_1_89' title='bbox 186 1441 338 1524; x_wconf 84' lang='lat' dir='ltr'><strong>Nicanor,</strong></span> <span class='ocrx_word' id='word_1_90' title='bbox 360 1440 581 1505; x_wconf 87' lang='lat' dir='ltr'><strong>Parmenionis</strong></span> <span class='ocrx_word' id='word_1_91' title='bbox 603 1441 699 1524; x_wconf 90' lang='lat' dir='ltr'><strong>filius,</strong></span> <span class='ocrx_word' id='word_1_92' title='bbox 719 1445 873 1524; x_wconf 86' lang='lat' dir='ltr'><strong>praeerat</strong></span> <span class='ocrx_word' id='word_1_93' title='bbox 907 1440 946 1504; x_wconf 93' lang='lat' dir='ltr'><strong>In</strong></span> <span class='ocrx_word' id='word_1_94' title='bbox 968 1439 1123 1504; x_wconf 85' lang='lat' dir='ltr'><strong>subsidiis</strong></span> 
     </span>
     <span class='ocr_line' id='line_1_15' title="bbox 114 1527 1124 1612; baseline -0.004 -17"><span class='ocrx_word' id='word_1_95' title='bbox 114 1551 186 1595; x_wconf 91' lang='lat' dir='ltr'><strong>oum</strong></span> <span class='ocrx_word' id='word_1_96' title='bbox 213 1551 310 1593; x_wconf 88' lang='lat' dir='ltr'><strong>manu</strong></span> <span class='ocrx_word' id='word_1_97' title='bbox 333 1550 392 1593; x_wconf 89' lang='lat' dir='ltr'><strong>sua</strong></span> <span class='ocrx_word' id='word_1_98' title='bbox 414 1527 551 1611; x_wconf 81' lang='lat' dir='ltr'><strong>Coenos,</strong></span> <span class='ocrx_word' id='word_1_99' title='bbox 582 1533 657 1612; x_wconf 88' lang='lat' dir='ltr'><strong>post</strong></span> <span class='ocrx_word' id='word_1_100' title='bbox 678 1550 751 1593; x_wconf 89' lang='lat' dir='ltr'><strong>eum</strong></span> <span class='ocrx_word' id='word_1_101' title='bbox 773 1528 908 1593; x_wconf 79' lang='lat' dir='ltr'><strong>Orestae</strong></span> <span class='ocrx_word' id='word_1_102' title='bbox 928 1527 1124 1611; x_wconf 89' lang='lat' dir='ltr'><strong>Lyncestae·</strong></span> 
     </span>
     <span class='ocr_line' id='line_1_16' title="bbox 114 1615 1124 1701; baseline -0.002 -20"><span class='ocrx_word' id='word_1_103' title='bbox 114 1637 175 1700; x_wconf 89' lang='lat' dir='ltr'><strong>quc</strong></span> <span class='ocrx_word' id='word_1_104' title='bbox 204 1620 280 1681; x_wconf 89' lang='lat' dir='ltr'><strong>sunt</strong></span> <span class='ocrx_word' id='word_1_105' title='bbox 296 1617 405 1701; x_wconf 80' lang='lat' dir='ltr'><strong>positi,</strong></span> <span class='ocrx_word' id='word_1_106' title='bbox 435 1620 511 1700; x_wconf 88' lang='lat' dir='ltr'><strong>post</strong></span> <span class='ocrx_word' id='word_1_107' title='bbox 532 1617 606 1682; x_wconf 89' lang='lat' dir='ltr'><strong>illos</strong></span> <span class='ocrx_word' id='word_1_108' title='bbox 629 1615 841 1699; x_wconf 85' lang='lat' dir='ltr'><strong>Polypercon,</strong></span> <span class='ocrx_word' id='word_1_109' title='bbox 867 1620 937 1680; x_wconf 92' lang='lat' dir='ltr'><strong>tum</strong></span> <span class='ocrx_word' id='word_1_110' title='bbox 959 1615 1124 1700; x_wconf 87' lang='lat' dir='ltr'><strong>peregrini</strong></span> 
     </span>
     <span class='ocr_line' id='line_1_17' title="bbox 113 1702 1124 1789; baseline -0.002 -20"><span class='ocrx_word' id='word_1_111' title='bbox 113 1705 247 1769; x_wconf 89' lang='lat' dir='ltr'><strong>milites:</strong></span> <span class='ocrx_word' id='word_1_112' title='bbox 270 1704 365 1769; x_wconf 89' lang='lat' dir='ltr'><strong>huius</strong></span> <span class='ocrx_word' id='word_1_113' title='bbox 389 1705 528 1789; x_wconf 90' lang='lat' dir='ltr'><strong>agminis</strong></span> <span class='ocrx_word' id='word_1_114' title='bbox 551 1704 700 1788; x_wconf 85' lang='lat' dir='ltr'><strong>princeps</strong></span> <span class='ocrx_word' id='word_1_115' title='bbox 722 1704 880 1786; x_wconf 75' lang='lat' dir='ltr'><strong>Amyntas</strong></span> <span class='ocrx_word' id='word_1_116' title='bbox 902 1704 1023 1786; x_wconf 88' lang='lat' dir='ltr'><strong>aberat,</strong></span> <span class='ocrx_word' id='word_1_117' title='bbox 1045 1702 1124 1767; x_wconf 91' lang='lat' dir='ltr'><strong>Phi·</strong></span> 
     </span>
     <span class='ocr_line' id='line_1_18' title="bbox 113 1791 1122 1879; baseline -0.001 -23"><span class='ocrx_word' id='word_1_118' title='bbox 113 1793 220 1879; x_wconf 90' lang='lat' dir='ltr'><strong>lippus</strong></span> <span class='ocrx_word' id='word_1_119' title='bbox 243 1792 371 1861; x_wconf 88' lang='lat' dir='ltr'><strong>Balacri</strong></span> <span class='ocrx_word' id='word_1_120' title='bbox 395 1814 450 1856; x_wconf 86' lang='lat' dir='ltr'><strong>eos</strong></span> <span class='ocrx_word' id='word_1_121' title='bbox 472 1793 606 1877; x_wconf 86' lang='lat' dir='ltr'><strong>regebat</strong></span> <span class='ocrx_word' id='word_1_122' title='bbox 627 1793 663 1856; x_wconf 90' lang='lat' dir='ltr'><strong>in</strong></span> <span class='ocrx_word' id='word_1_123' title='bbox 685 1792 872 1856; x_wconf 86' lang='lat' dir='ltr'><strong>societatem</strong></span> <span class='ocrx_word' id='word_1_124' title='bbox 893 1808 996 1875; x_wconf 89' lang='lat' dir='ltr'><strong>nuper</strong></span> <span class='ocrx_word' id='word_1_125' title='bbox 1019 1791 1122 1856; x_wconf 90' lang='lat' dir='ltr'><strong>adsci-</strong></span> 
     </span>
    </p>

    <p class='ocr_par' dir='ltr' id='par_1_6' title="bbox 64 1877 1123 2228">
     <span class='ocr_line' id='line_1_19' title="bbox 64 1877 1123 1950; baseline -0.006 0"><span class='ocrx_word' id='word_1_126' title='bbox 64 1901 95 1950; x_wconf 76' lang='lat'><strong>29</strong></span> <span class='ocrx_word' id='word_1_127' title='bbox 114 1884 176 1946; x_wconf 89' lang='lat' dir='ltr'><strong>tos.</strong></span> <span class='ocrx_word' id='word_1_128' title='bbox 211 1879 301 1945; x_wconf 89' lang='lat' dir='ltr'><strong>Haec</strong></span> <span class='ocrx_word' id='word_1_129' title='bbox 324 1881 427 1944; x_wconf 86' lang='lat' dir='ltr'><strong>dextri</strong></span> <span class='ocrx_word' id='word_1_130' title='bbox 449 1901 565 1945; x_wconf 91' lang='lat' dir='ltr'><strong>cornus</strong></span> <span class='ocrx_word' id='word_1_131' title='bbox 582 1880 680 1944; x_wconf 88' lang='lat' dir='ltr'><strong>facies</strong></span> <span class='ocrx_word' id='word_1_132' title='bbox 698 1884 775 1944; x_wconf 86' lang='lat' dir='ltr'><strong>erat.</strong></span> <span class='ocrx_word' id='word_1_133' title='bbox 805 1879 846 1943; x_wconf 88' lang='lat' dir='ltr'><strong>In</strong></span> <span class='ocrx_word' id='word_1_134' title='bbox 863 1880 955 1944; x_wconf 87' lang='lat' dir='ltr'><strong>laevo</strong></span> <span class='ocrx_word' id='word_1_135' title='bbox 969 1877 1123 1944; x_wconf 80' lang='lat' dir='ltr'><strong>Gruterus</strong></span> 
     </span>
     <span class='ocr_line' id='line_1_20' title="bbox 113 1965 1122 2051; baseline -0.001 -19"><span class='ocrx_word' id='word_1_136' title='bbox 113 1968 384 2051; x_wconf 89' lang='lat' dir='ltr'><strong>Peloponnesium</strong></span> <span class='ocrx_word' id='word_1_137' title='bbox 406 1967 529 2051; x_wconf 90' lang='lat' dir='ltr'><strong>equites</strong></span> <span class='ocrx_word' id='word_1_138' title='bbox 550 1967 693 2031; x_wconf 89' lang='lat' dir='ltr'><strong>habebat</strong></span> <span class='ocrx_word' id='word_1_139' title='bbox 709 1967 911 2031; x_wconf 88' lang='lat' dir='ltr'><strong>Achaeorum</strong></span> <span class='ocrx_word' id='word_1_140' title='bbox 934 1970 966 2031; x_wconf 90' lang='lat' dir='ltr'><strong>et</strong></span> <span class='ocrx_word' id='word_1_141' title='bbox 983 1965 1122 2032; x_wconf 88' lang='lat' dir='ltr'><strong>Locren·</strong></span> 
     </span>
     <span class='ocr_line' id='line_1_21' title="bbox 115 2054 1123 2135; baseline 0.001 -16"><span class='ocrx_word' id='word_1_142' title='bbox 115 2056 198 2120; x_wconf 80' lang='lat' dir='ltr'><strong>rium</strong></span> <span class='ocrx_word' id='word_1_143' title='bbox 221 2059 253 2119; x_wconf 92' lang='lat' dir='ltr'><strong>et</strong></span> <span class='ocrx_word' id='word_1_144' title='bbox 271 2055 412 2120; x_wconf 89' lang='lat' dir='ltr'><strong>Malieon</strong></span> <span class='ocrx_word' id='word_1_145' title='bbox 433 2054 548 2118; x_wconf 89' lang='lat' dir='ltr'><strong>turmis</strong></span> <span class='ocrx_word' id='word_1_146' title='bbox 571 2055 659 2135; x_wconf 90' lang='lat' dir='ltr'><strong>[sibi]</strong></span> <span class='ocrx_word' id='word_1_147' title='bbox 683 2054 850 2119; x_wconf 87' lang='lat' dir='ltr'><strong>adiunctis.</strong></span> <span class='ocrx_word' id='word_1_148' title='bbox 886 2054 956 2119; x_wconf 88' lang='lat' dir='ltr'><strong>Hos</strong></span> <span class='ocrx_word' id='word_1_149' title='bbox 974 2055 1123 2120; x_wconf 86' lang='lat' dir='ltr'><strong>Thessali</strong></span> 
     </span>
     <span class='ocr_line' id='line_1_22' title="bbox 115 2141 1122 2228; baseline 0.001 -22"><span class='ocrx_word' id='word_1_150' title='bbox 115 2143 237 2226; x_wconf 90' lang='lat' dir='ltr'><strong>equites</strong></span> <span class='ocrx_word' id='word_1_151' title='bbox 260 2143 451 2207; x_wconf 85' lang='lat' dir='ltr'><strong>claudebant</strong></span> <span class='ocrx_word' id='word_1_152' title='bbox 468 2141 618 2226; x_wconf 92' lang='lat' dir='ltr'><strong>Philippo</strong></span> <span class='ocrx_word' id='word_1_153' title='bbox 642 2143 730 2207; x_wconf 90' lang='lat' dir='ltr'><strong>duce.</strong></span> <span class='ocrx_word' id='word_1_154' title='bbox 764 2142 912 2207; x_wconf 90' lang='lat' dir='ltr'><strong>Peditum</strong></span> <span class='ocrx_word' id='word_1_155' title='bbox 930 2143 1015 2208; x_wconf 88' lang='lat' dir='ltr'><strong>acies</strong></span> <span class='ocrx_word' id='word_1_156' title='bbox 1035 2145 1122 2228; x_wconf 89' lang='lat' dir='ltr'><strong>equi-</strong></span> 
     </span>
    </p>

    <p class='ocr_par' dir='ltr' id='par_1_7' title="bbox 62 2229 1122 2579">
     <span class='ocr_line' id='line_1_23' title="bbox 62 2229 1121 2314; baseline -0.006 -14"><span class='ocrx_word' id='word_1_157' title='bbox 62 2234 185 2300; x_wconf 76' lang='lat' dir='ltr'><strong>aetatu</strong></span> <span class='ocrx_word' id='word_1_158' title='bbox 208 2231 384 2314; x_wconf 89' lang='lat' dir='ltr'><strong>tegebatur.</strong></span> <span class='ocrx_word' id='word_1_159' title='bbox 419 2230 521 2295; x_wconf 87' lang='lat' dir='ltr'><strong>Frons</strong></span> <span class='ocrx_word' id='word_1_160' title='bbox 541 2230 624 2295; x_wconf 88' lang='lat' dir='ltr'><strong>laevi</strong></span> <span class='ocrx_word' id='word_1_161' title='bbox 643 2252 758 2296; x_wconf 88' lang='lat' dir='ltr'><strong>cornus</strong></span> <span class='ocrx_word' id='word_1_162' title='bbox 775 2230 854 2295; x_wconf 88' lang='lat' dir='ltr'><strong>haec</strong></span> <span class='ocrx_word' id='word_1_163' title='bbox 873 2233 951 2295; x_wconf 87' lang='lat' dir='ltr'><strong>erat.</strong></span> <span class='ocrx_word' id='word_1_164' title='bbox 996 2229 1059 2295; x_wconf 83' lang='lat' dir='ltr'><strong>Sed</strong></span> <span class='ocrx_word' id='word_1_165' title='bbox 1080 2252 1121 2296; x_wconf 86' lang='lat' dir='ltr'><strong>ne</strong></span> 
     </span>
     <span class='ocr_line' id='line_1_24' title="bbox 115 2318 1122 2403; baseline -0.001 -20"><span class='ocrx_word' id='word_1_166' title='bbox 115 2319 275 2383; x_wconf 88' lang='lat' dir='ltr'><strong>circumiri</strong></span> <span class='ocrx_word' id='word_1_167' title='bbox 296 2322 408 2402; x_wconf 89' lang='lat' dir='ltr'><strong>posset</strong></span> <span class='ocrx_word' id='word_1_168' title='bbox 429 2320 449 2382; x_wconf 89' lang='lat' dir='ltr'><strong>a</strong></span> <span class='ocrx_word' id='word_1_169' title='bbox 471 2318 686 2401; x_wconf 88' lang='lat' dir='ltr'><strong>multitudine,</strong></span> <span class='ocrx_word' id='word_1_170' title='bbox 707 2319 856 2383; x_wconf 88' lang='lat' dir='ltr'><strong>ultimum</strong></span> <span class='ocrx_word' id='word_1_171' title='bbox 880 2339 996 2403; x_wconf 84' lang='lat' dir='ltr'><strong>agmen</strong></span> <span class='ocrx_word' id='word_1_172' title='bbox 1016 2319 1122 2383; x_wconf 85' lang='lat' dir='ltr'><strong>valida</strong></span> 
     </span>
     <span class='ocr_line' id='line_1_25' title="bbox 114 2404 1121 2492; baseline 0.002 -22"><span class='ocrx_word' id='word_1_173' title='bbox 114 2428 214 2470; x_wconf 89' lang='lat' dir='ltr'><strong>manu</strong></span> <span class='ocrx_word' id='word_1_174' title='bbox 237 2406 388 2470; x_wconf 83' lang='lat' dir='ltr'><strong>cinxerat.</strong></span> <span class='ocrx_word' id='word_1_175' title='bbox 424 2404 552 2473; x_wconf 83' lang='lat' dir='ltr'><strong>Oornua</strong></span> <span class='ocrx_word' id='word_1_176' title='bbox 575 2428 702 2492; x_wconf 90' lang='lat' dir='ltr'><strong>quoque</strong></span> <span class='ocrx_word' id='word_1_177' title='bbox 724 2407 875 2471; x_wconf 89' lang='lat' dir='ltr'><strong>subsidiis</strong></span> <span class='ocrx_word' id='word_1_178' title='bbox 895 2407 1037 2470; x_wconf 89' lang='lat' dir='ltr'><strong>firmavit</strong></span> <span class='ocrx_word' id='word_1_179' title='bbox 1054 2428 1121 2472; x_wconf 91' lang='lat' dir='ltr'><strong>non</strong></span> 
     </span>
     <span class='ocr_line' id='line_1_26' title="bbox 114 2492 1121 2579; baseline 0.002 -22"><span class='ocrx_word' id='word_1_180' title='bbox 114 2497 202 2558; x_wconf 89' lang='lat' dir='ltr'><strong>recta</strong></span> <span class='ocrx_word' id='word_1_181' title='bbox 223 2494 340 2575; x_wconf 89' lang='lat' dir='ltr'><strong>fronte,</strong></span> <span class='ocrx_word' id='word_1_182' title='bbox 362 2492 418 2557; x_wconf 89' lang='lat' dir='ltr'><strong>sed</strong></span> <span class='ocrx_word' id='word_1_183' title='bbox 441 2516 460 2557; x_wconf 91' lang='lat' dir='ltr'><strong>a</strong></span> <span class='ocrx_word' id='word_1_184' title='bbox 482 2495 581 2559; x_wconf 87' lang='lat' dir='ltr'><strong>latere</strong></span> <span class='ocrx_word' id='word_1_185' title='bbox 603 2494 727 2579; x_wconf 89' lang='lat' dir='ltr'><strong>positis,</strong></span> <span class='ocrx_word' id='word_1_186' title='bbox 749 2499 795 2577; x_wconf 89' lang='lat' dir='ltr'><strong>ut,</strong></span> <span class='ocrx_word' id='word_1_187' title='bbox 818 2494 846 2560; x_wconf 91' lang='lat' dir='ltr'><strong>si</strong></span> <span class='ocrx_word' id='word_1_188' title='bbox 864 2494 968 2558; x_wconf 90' lang='lat' dir='ltr'><strong>hostis</strong></span> <span class='ocrx_word' id='word_1_189' title='bbox 987 2495 1121 2560; x_wconf 87' lang='lat' dir='ltr'><strong>circum-</strong></span> 
     </span>
    </p>

    <p class='ocr_par' dir='ltr' id='par_1_8' title="bbox 61 2581 1122 2842">
     <span class='ocr_line' id='line_1_27' title="bbox 61 2581 1122 2667; baseline -0.003 -16"><span class='ocrx_word' id='word_1_190' title='bbox 61 2602 93 2651; x_wconf 84' lang='lat'><strong>31</strong></span> <span class='ocrx_word' id='word_1_191' title='bbox 114 2583 223 2647; x_wconf 87' lang='lat' dir='ltr'><strong>venire</strong></span> <span class='ocrx_word' id='word_1_192' title='bbox 251 2582 352 2647; x_wconf 86' lang='lat' dir='ltr'><strong>aciem</strong></span> <span class='ocrx_word' id='word_1_193' title='bbox 377 2585 580 2666; x_wconf 85' lang='lat' dir='ltr'><strong>temptasset,</strong></span> <span class='ocrx_word' id='word_1_194' title='bbox 608 2585 722 2666; x_wconf 90' lang='lat' dir='ltr'><strong>parata</strong></span> <span class='ocrx_word' id='word_1_195' title='bbox 747 2602 876 2667; x_wconf 80' lang='lat' dir='ltr'><strong>pugnae</strong></span> <span class='ocrx_word' id='word_1_196' title='bbox 898 2582 1014 2647; x_wconf 89' lang='lat' dir='ltr'><strong>forent.</strong></span> <span class='ocrx_word' id='word_1_197' title='bbox 1059 2581 1122 2648; x_wconf 88' lang='lat' dir='ltr'><strong>Hic</strong></span> 
     </span>
     <span class='ocr_line' id='line_1_28' title="bbox 113 2670 1121 2754; baseline 0 -19"><span class='ocrx_word' id='word_1_198' title='bbox 113 2670 251 2754; x_wconf 88' lang='lat' dir='ltr'><strong>Agriani</strong></span> <span class='ocrx_word' id='word_1_199' title='bbox 279 2672 383 2753; x_wconf 86' lang='lat' dir='ltr'><strong>erant,</strong></span> <span class='ocrx_word' id='word_1_200' title='bbox 413 2670 527 2752; x_wconf 90' lang='lat' dir='ltr'><strong>quibus</strong></span> <span class='ocrx_word' id='word_1_201' title='bbox 549 2671 680 2736; x_wconf 90' lang='lat' dir='ltr'><strong>Attalus</strong></span> <span class='ocrx_word' id='word_1_202' title='bbox 702 2674 863 2754; x_wconf 91' lang='lat' dir='ltr'><strong>praeerat,</strong></span> <span class='ocrx_word' id='word_1_203' title='bbox 890 2671 1049 2735; x_wconf 88' lang='lat' dir='ltr'><strong>adiunctis</strong></span> <span class='ocrx_word' id='word_1_204' title='bbox 1072 2692 1121 2735; x_wconf 80' lang='lat' dir='ltr'><strong>sa</strong></span> 
     </span>
     <span class='ocr_line' id='line_1_29' title="bbox 114 2757 1121 2842; baseline 0 -20"><span class='ocrx_word' id='word_1_205' title='bbox 114 2758 253 2842; x_wconf 88' lang='lat' dir='ltr'><strong>gittariis</strong></span> <span class='ocrx_word' id='word_1_206' title='bbox 286 2757 504 2841; x_wconf 82' lang='lat' dir='ltr'><strong>Cretensibus,</strong></span> <span class='ocrx_word' id='word_1_207' title='bbox 540 2795 583 2806; x_wconf 91' lang='lat'><strong>-·</strong></span> <span class='ocrx_word' id='word_1_208' title='bbox 618 2759 751 2823; x_wconf 88' lang='lat' dir='ltr'><strong>ultimos</strong></span> <span class='ocrx_word' id='word_1_209' title='bbox 787 2759 913 2823; x_wconf 87' lang='lat' dir='ltr'><strong>ordines</strong></span> <span class='ocrx_word' id='word_1_210' title='bbox 950 2759 1067 2823; x_wconf 83' lang='lat' dir='ltr'><strong>avertit</strong></span> <span class='ocrx_word' id='word_1_211' title='bbox 1102 2779 1121 2822; x_wconf 88' lang='lat' dir='ltr'><strong>a</strong></span> 
     </span>
    </p>

    <p class='ocr_par' dir='ltr' id='par_1_9' title="bbox 9 2845 1121 3018">
     <span class='ocr_line' id='line_1_30' title="bbox 9 2845 1121 2929; baseline 0.003 -21"><span class='ocrx_word' id='word_1_212' title='bbox 9 2875 13 2882; x_wconf 95' lang='lat'>·</span> <span class='ocrx_word' id='word_1_213' title='bbox 113 2846 235 2928; x_wconf 87' lang='lat' dir='ltr'><strong>fronte,</strong></span> <span class='ocrx_word' id='word_1_214' title='bbox 267 2848 304 2909; x_wconf 92' lang='lat' dir='ltr'><strong>ut</strong></span> <span class='ocrx_word' id='word_1_215' title='bbox 329 2849 432 2910; x_wconf 89' lang='lat' dir='ltr'><strong>totam</strong></span> <span class='ocrx_word' id='word_1_216' title='bbox 459 2847 559 2911; x_wconf 89' lang='lat' dir='ltr'><strong>aciem</strong></span> <span class='ocrx_word' id='word_1_217' title='bbox 586 2846 663 2910; x_wconf 90' lang='lat' dir='ltr'><strong>orbe</strong></span> <span class='ocrx_word' id='word_1_218' title='bbox 685 2847 838 2927; x_wconf 90' lang='lat' dir='ltr'><strong>muniret,</strong></span> <span class='ocrx_word' id='word_1_219' title='bbox 869 2882 912 2893; x_wconf 95' lang='lat'>-</span> <span class='ocrx_word' id='word_1_220' title='bbox 943 2845 1046 2929; x_wconf 91' lang='lat' dir='ltr'><strong>Illyrii</strong></span> <span class='ocrx_word' id='word_1_221' title='bbox 1067 2846 1121 2911; x_wconf 91' lang='lat' dir='ltr'><strong>hic</strong></span> 
     </span>
     <span class='ocr_line' id='line_1_31' title="bbox 115 2932 1121 3018; baseline 0.004 -23"><span class='ocrx_word' id='word_1_222' title='bbox 115 2936 207 2996; x_wconf 87' lang='lat' dir='ltr'><strong>erant</strong></span> <span class='ocrx_word' id='word_1_223' title='bbox 230 2932 380 2997; x_wconf 90' lang='lat' dir='ltr'><strong>adiuncto</strong></span> <span class='ocrx_word' id='word_1_224' title='bbox 403 2933 505 2998; x_wconf 87' lang='lat' dir='ltr'><strong>milite</strong></span> <span class='ocrx_word' id='word_1_225' title='bbox 527 2933 670 2997; x_wconf 85' lang='lat' dir='ltr'><strong>mercede</strong></span> <span class='ocrx_word' id='word_1_226' title='bbox 692 2932 856 3016; x_wconf 91' lang='lat' dir='ltr'><strong>conduct0,</strong></span> <span class='ocrx_word' id='word_1_227' title='bbox 880 2934 1021 2999; x_wconf 84' lang='lat' dir='ltr'><strong>Thracas</strong></span> <span class='ocrx_word' id='word_1_228' title='bbox 1044 2955 1121 3018; x_wconf 88' lang='lat' dir='ltr'><strong>quo-</strong></span> 
     </span>
    </p>

    <p class='ocr_par' dir='ltr' id='par_1_10' title="bbox 62 3020 1122 3368">
     <span class='ocr_line' id='line_1_32' title="bbox 62 3020 1122 3105; baseline -0.001 -17"><span class='ocrx_word' id='word_1_229' title='bbox 62 3039 96 3088; x_wconf 76' lang='lat'><strong>32</strong></span> <span class='ocrx_word' id='word_1_230' title='bbox 116 3041 177 3105; x_wconf 88' lang='lat' dir='ltr'><strong>que</strong></span> <span class='ocrx_word' id='word_1_231' title='bbox 205 3020 301 3083; x_wconf 88' lang='lat' dir='ltr'><strong>simul</strong></span> <span class='ocrx_word' id='word_1_232' title='bbox 328 3020 489 3085; x_wconf 88' lang='lat' dir='ltr'><strong>obiecerat</strong></span> <span class='ocrx_word' id='word_1_233' title='bbox 514 3021 627 3086; x_wconf 79' lang='lat' dir='ltr'><strong>leviter</strong></span> <span class='ocrx_word' id='word_1_234' title='bbox 649 3023 800 3085; x_wconf 85' lang='lat' dir='ltr'><strong>armatos.</strong></span> <span class='ocrx_word' id='word_1_235' title='bbox 844 3020 997 3105; x_wconf 89' lang='lat' dir='ltr'><strong>Adeoque</strong></span> <span class='ocrx_word' id='word_1_236' title='bbox 1021 3022 1122 3087; x_wconf 87' lang='lat' dir='ltr'><strong>aciem</strong></span> 
     </span>
     <span class='ocr_line' id='line_1_33' title="bbox 114 3107 1122 3193; baseline 0.004 -22"><span class='ocrx_word' id='word_1_237' title='bbox 114 3108 305 3171; x_wconf 87' lang='lat' dir='ltr'><strong>versabilem</strong></span> <span class='ocrx_word' id='word_1_238' title='bbox 327 3109 448 3191; x_wconf 85' lang='lat' dir='ltr'><strong>posuit,</strong></span> <span class='ocrx_word' id='word_1_239' title='bbox 475 3112 524 3192; x_wconf 91' lang='lat' dir='ltr'><strong>ut,</strong></span> <span class='ocrx_word' id='word_1_240' title='bbox 551 3108 606 3192; x_wconf 90' lang='lat' dir='ltr'><strong>qui</strong></span> <span class='ocrx_word' id='word_1_241' title='bbox 627 3107 734 3172; x_wconf 88' lang='lat' dir='ltr'><strong>ultimi</strong></span> <span class='ocrx_word' id='word_1_242' title='bbox 756 3108 898 3193; x_wconf 85' lang='lat' dir='ltr'><strong>stabant,</strong></span> <span class='ocrx_word' id='word_1_243' title='bbox 925 3131 966 3173; x_wconf 91' lang='lat' dir='ltr'><strong>ne</strong></span> <span class='ocrx_word' id='word_1_244' title='bbox 988 3110 1122 3175; x_wconf 91' lang='lat' dir='ltr'><strong>circum·</strong></span> 
     </span>
     <span class='ocr_line' id='line_1_34' title="bbox 114 3195 1122 3282; baseline 0.005 -24"><span class='ocrx_word' id='word_1_245' title='bbox 114 3195 250 3277; x_wconf 88' lang='lat' dir='ltr'><strong>irentur,</strong></span> <span class='ocrx_word' id='word_1_246' title='bbox 277 3195 358 3258; x_wconf 88' lang='lat' dir='ltr'><strong>verti</strong></span> <span class='ocrx_word' id='word_1_247' title='bbox 379 3199 490 3261; x_wconf 88' lang='lat' dir='ltr'><strong>tamen</strong></span> <span class='ocrx_word' id='word_1_248' title='bbox 513 3199 546 3260; x_wconf 85' lang='lat' dir='ltr'><strong>at</strong></span> <span class='ocrx_word' id='word_1_249' title='bbox 566 3196 602 3261; x_wconf 91' lang='lat' dir='ltr'><strong>in</strong></span> <span class='ocrx_word' id='word_1_250' title='bbox 622 3195 764 3261; x_wconf 86' lang='lat' dir='ltr'><strong>frontem</strong></span> <span class='ocrx_word' id='word_1_251' title='bbox 787 3197 960 3282; x_wconf 90' lang='lat' dir='ltr'><strong>circumagi</strong></span> <span class='ocrx_word' id='word_1_252' title='bbox 981 3202 1122 3280; x_wconf 85' lang='lat' dir='ltr'><strong>possent.</strong></span> 
     </span>
     <span class='ocr_line' id='line_1_35' title="bbox 114 3281 1122 3368; baseline 0.006 -22"><span class='ocrx_word' id='word_1_253' title='bbox 114 3281 228 3364; x_wconf 86' lang='lat' dir='ltr'><strong>Itaque</strong></span> <span class='ocrx_word' id='word_1_254' title='bbox 250 3302 316 3345; x_wconf 92' lang='lat' dir='ltr'><strong>non</strong></span> <span class='ocrx_word' id='word_1_255' title='bbox 338 3283 458 3367; x_wconf 90' lang='lat' dir='ltr'><strong>prima,</strong></span> <span class='ocrx_word' id='word_1_256' title='bbox 480 3306 577 3368; x_wconf 89' lang='lat' dir='ltr'><strong>quam</strong></span> <span class='ocrx_word' id='word_1_257' title='bbox 598 3283 712 3366; x_wconf 85' lang='lat' dir='ltr'><strong>latera,</strong></span> <span class='ocrx_word' id='word_1_258' title='bbox 734 3306 801 3349; x_wconf 92' lang='lat' dir='ltr'><strong>non</strong></span> <span class='ocrx_word' id='word_1_259' title='bbox 823 3285 925 3349; x_wconf 87' lang='lat' dir='ltr'><strong>latera</strong></span> <span class='ocrx_word' id='word_1_260' title='bbox 947 3287 1122 3352; x_wconf 88' lang='lat' dir='ltr'><strong>munitiora</strong></span> 
     </span>
    </p>

    <p class='ocr_par' dir='ltr' id='par_1_11' title="bbox 61 3369 1167 3547">
     <span class='ocr_line' id='line_1_36' title="bbox 61 3369 1167 3458; baseline 0.004 -24"><span class='ocrx_word' id='word_1_261' title='bbox 61 3389 96 3441; x_wconf 83' lang='lat' dir='ltr'><strong>aa</strong></span> <span class='ocrx_word' id='word_1_262' title='bbox 115 3369 216 3453; x_wconf 88' lang='lat' dir='ltr'><strong>fuere,</strong></span> <span class='ocrx_word' id='word_1_263' title='bbox 240 3390 335 3454; x_wconf 90' lang='lat' dir='ltr'><strong>quam</strong></span> <span class='ocrx_word' id='word_1_264' title='bbox 357 3375 458 3455; x_wconf 83' lang='lat' dir='ltr'><strong>terga</strong></span> <span class='ocrx_word' id='word_1_265' title='bbox 501 3371 562 3436; x_wconf 86' lang='lat' dir='ltr'><strong>His</strong></span> <span class='ocrx_word' id='word_1_266' title='bbox 584 3372 631 3436; x_wconf 83' lang='lat' dir='ltr'><strong>ita</strong></span> <span class='ocrx_word' id='word_1_267' title='bbox 653 3371 808 3436; x_wconf 86' lang='lat' dir='ltr'><strong>ordinatis</strong></span> <span class='ocrx_word' id='word_1_268' title='bbox 830 3373 999 3458; x_wconf 87' lang='lat' dir='ltr'><strong>praecipit,</strong></span> <span class='ocrx_word' id='word_1_269' title='bbox 1022 3378 1072 3458; x_wconf 92' lang='lat' dir='ltr'><strong>ut,</strong></span> <span class='ocrx_word' id='word_1_270' title='bbox 1093 3375 1121 3440; x_wconf 91' lang='lat' dir='ltr'><strong>si</strong></span> <span class='ocrx_word' id='word_1_271' title='bbox 1131 3374 1167 3439; x_wconf 87' lang='lat'><strong>5]</strong></span> 
     </span>
     <span class='ocr_line' id='line_1_37' title="bbox 106 3457 1122 3547; baseline 0.007 -27"><span class='ocrx_word' id='word_1_272' title='bbox 106 3457 249 3523; x_wconf 64' lang='lat' dir='ltr'><strong>falcatos</strong></span> <span class='ocrx_word' id='word_1_273' title='bbox 279 3479 388 3523; x_wconf 87' lang='lat' dir='ltr'><strong>currus</strong></span> <span class='ocrx_word' id='word_1_274' title='bbox 419 3480 492 3524; x_wconf 90' lang='lat' dir='ltr'><strong>cum</strong></span> <span class='ocrx_word' id='word_1_275' title='bbox 519 3459 649 3525; x_wconf 85' lang='lat' dir='ltr'><strong>fremitu</strong></span> <span class='ocrx_word' id='word_1_276' title='bbox 673 3458 805 3524; x_wconf 88' lang='lat' dir='ltr'><strong>barbari</strong></span> <span class='ocrx_word' id='word_1_277' title='bbox 831 3461 1027 3546; x_wconf 86' lang='lat' dir='ltr'><strong>emitterent,</strong></span> <span class='ocrx_word' id='word_1_278' title='bbox 1058 3464 1122 3547; x_wconf 90' lang='lat' dir='ltr'><strong>ipsi</strong></span> 
     </span>
    </p>
   </div>
   <div class='ocr_carea' id='block_1_3' title="bbox 87 3542 1121 3636">
    <p class='ocr_par' dir='ltr' id='par_1_12' title="bbox 87 3542 1121 3636">
     <span class='ocr_line' id='line_1_38' title="bbox 87 3542 1121 3636; baseline 0.015 -36"><span class='ocrx_word' id='word_1_279' title='bbox 87 3542 214 3607; x_wconf 72' lang='lat' dir='ltr'><strong>laxatis</strong></span> <span class='ocrx_word' id='word_1_280' title='bbox 240 3546 416 3615; x_wconf 74' lang='lat' dir='ltr'><strong>ordinibus</strong></span> <span class='ocrx_word' id='word_1_281' title='bbox 443 3548 606 3636; x_wconf 87' lang='lat' dir='ltr'><strong>impetum</strong></span> <span class='ocrx_word' id='word_1_282' title='bbox 631 3547 866 3614; x_wconf 81' lang='lat' dir='ltr'><strong>incurrentium</strong></span> <span class='ocrx_word' id='word_1_283' title='bbox 886 3546 1017 3614; x_wconf 80' lang='lat' dir='ltr'><strong>&#39;silentio</strong></span> <span class='ocrx_word' id='word_1_284' title='bbox 1039 3552 1121 3616; x_wconf 80' lang='lat' dir='ltr'><strong>exci-</strong></span> 
     </span>
    </p>
   </div>
   <div class='ocr_carea' id='block_1_4' title="bbox 0 0 1182 3846">
    <p class='ocr_par' dir='ltr' id='par_1_13' title="bbox 0 0 1182 3846">
     <span class='ocr_line' id='line_1_39' title="bbox 0 0 1182 3846; baseline 0 0"><span class='ocrx_word' id='word_1_285' title='bbox 0 0 1182 3846; x_wconf 95' lang='lat' dir='ltr'><strong> </strong></span> 
     </span>
    </p>
   </div>
  </div>
 </body>
</html>
