2356 3846
127 164 190 227 178
449 125 453 129 ’
497 165 528 229 o.
548 163 657 219 cunm
675 163 761 218 auur

124 308 210 372 batis
239 308 355 372 acriter
382 309 496 391 pedem
521 308 640 373 inferre
668 311 850 390 coeperunt.
894 306 1054 391 Equitum
1080 306 1135 371 de·

124 395 198 460 iuda
217 400 352 479 turmae,
373 418 453 480 quae
472 395 617 469 frenatos
635 395 801 461 habebant
819 416 931 478 equos,
949 394 1136 479 perfregere

125 484 335 550 barbarorum
355 485 469 548 aciem:
493 485 623 549 interim
641 484 740 549 ceteri
760 483 887 568 agmine
910 482 1136 548 dimicantium

72 583 104 632 11
124 574 204 637 tecti
223 575 375 654 aptavere
394 594 428 636 se
446 592 583 655 pugnae.
614 569 688 655 Ipse
707 593 772 654 rex,
791 571 876 654 quod
894 570 1017 655 vigoris
1036 591 1135 654 aegro

124 659 229 724 adhuc
252 661 378 742 corpori
401 661 523 738 deerat,
546 660 646 724 animi
663 659 818 724 firmitate
837 659 1019 742 supplebat.
1059 657 1136 724 Vox

125 747 329 812 adhortantis
356 769 423 812 non
444 751 573 831 poterat
596 746 700 812 audiri
721 747 866 812 nondum
888 747 970 811 bene
993 745 1136 812 obducta

72 847 105 894 12
124 836 273 901 cicatrice
289 837 431 918 cervicis,
450 836 506 900 sed
524 834 730 899 dimicantem
749 835 857 899 cuncti
870 834 1033 899 videbant.
1069 834 1136 900 Ita·

124 945 184 1007 que
211 924 275 1008 ipsi
303 924 430 1007 quidem
459 923 576 988 ducum
602 923 822 1007 fungebantur
848 922 956 987 officio
988 922 1136 1006 aliusque

124 1012 225 1075 alium
255 1011 419 1076 adhortati
448 1011 482 1074 in
510 1010 639 1076 hostem
666 1011 780 1076 salutis
808 1011 1014 1075 immemores
1041 1032 1136 1075 ruera

72 1110 104 1157 13
124 1103 306 1182 coeperunt.
347 1099 430 1178 Tum
448 1120 524 1163 vero
547 1119 613 1163 non
635 1120 701 1178 ora,
723 1118 791 1163 non
813 1119 912 1182 arma,
929 1119 997 1163 non
1016 1099 1136 1163 clamo-

123 1210 192 1252 rem
210 1187 354 1251 hostium
370 1187 503 1250 barbari
516 1187 657 1251 tolerare
675 1189 851 1269 potuerunt
864 1207 1039 1269 omnesque
1058 1187 1136 1250 effu·

124 1276 168 1339 sis
186 1274 321 1338 habenis
339 1310 376 1320 -
393 1295 531 1357 namque
546 1275 704 1358 equestris
720 1275 804 1338 acies
819 1277 944 1338 erat-
961 1276 1138 1356 capessunt

122 1363 245 1446 fugam.
279 1361 366 1437 Quos
384 1383 453 1446 rex,
477 1383 672 1444 quamquem
690 1361 1047 1426 vexationem'invalidi
1066 1384 1136 1427 cor·

122 1451 210 1533 poris
230 1450 300 1532 pati
318 1471 384 1514 non
402 1452 545 1532 poterat,
568 1472 625 1531 per
641 1466 737 1513 Lxxx
755 1454 865 1514 tamen
883 1448 989 1514 stadia
1007 1450 1136 1534 insequi

70 1547 104 1595 14
122 1538 348 1620 perseveravit.
392 1537 526 1620 Iamque
548 1538 714 1621 linquente
737 1537 845 1601 animo
869 1537 935 1601 suis
958 1539 1135 1622 praecepit,

122 1630 171 1703 ut,
202 1624 302 1690 donec
328 1625 410 1690 lucis
439 1625 560 1709 aliquid
589 1628 783 1708 superesset,
810 1623 1003 1709 fugientium
1030 1626 1134 1710 tergis

122 1714 339 1796 inhaerereut3
363 1714 432 1797 ipse
456 1713 593 1778 exhaust
578 1713 621 1776 tis
645 1713 744 1777 etiam
767 1712 866 1776 animi
889 1712 1011 1777 viribus
1030 1713 1066 1776 in
1086 1735 1135 1778 ca-

70 1809 103 1857 15
123 1805 192 1866 stra
211 1824 245 1866 se
263 1801 385 1884 recepit
398 1801 508 1885 ibique
529 1800 649 1865 subsit
607 1800 685 1866 ttit
721 1799 1010 1865 Trans1erant1am
1023 1800 1135 1866 Liberi

121 1888 228 1953 Patris
264 1890 437 1971 terminos,
473 1902 609 1971 quorum
641 1891 851 1954 monumenta
880 1886 1007 1970 lapides
1040 1892 1135 1954 erant

122 1977 226 2042 crebri
242 1977 420 2041 intervallis
428 1938 586 2059 dispositi
606 1976 799 2058 arboresque
817 1997 977 2058 procerae,
996 1996 1135 2059 quarum

70 2073 103 2123 lc
121 2064 216 2147 stipit
218 2087 251 2128 es
201 2064 389 2128 thedera
408 2066 602 2129 contexerat.
643 2061 705 2128 Sed
723 2061 946 2128 Macedonas
936 2085 985 2127 rra
1002 2063 1134 2150 longius

121 2152 283 2235 provexit:
306 2152 423 2234 quippe
445 2151 552 2215 media
573 2150 642 2215 fere
664 2152 790 2215 nocte
780 2172 815 2214 1n
833 2154 903 2215 cast
903 2173 941 2215 ra
957 2150 1135 2236 redierunt,

121 2239 234 2304 multis
248 2239 409 2303 interfect
384 2242 442 2321 trs,
459 2238 608 2320 pluribus
627 2242 701 2321 capt
703 2238 744 2302 is:
763 2259 926 2324 equosque
944 2255 972 2302 nr
988 2243 1022 2304 et
1041 2257 1133 2307 noco

122 2326 268 2410 abegere
319 2323 513 2391 Ceciderunt
541 2329 649 2390 autem
675 2324 888 2392 Macedonum
921 2326 1134 2414 equitesnx,

121 2414 248 2499 pedites
272 2431 291 2479 c
313 2413 394 2498 fere,
417 2414 507 2478 mille
530 2414 632 2478 saucii
654 2412 792 2480 fuerunt

69 2511 102 2562 1⁷
209 2501 300 2567 Haec
318 2501 479 2585 expeditio
498 2501 697 2566 deficientem
715 2521 835 2585 magna
854 2523 892 2566 ex
910 2505 1004 2585 parte
1018 2503 1160 2572 Asiam3

121 2591 301 2656 famatam
325 2594 525 2674 opportunae
547 2590 702 2655 victoriae
721 2588 854 2654 domuit.
894 2589 1038 2655 Invictos
1058 2589 1133 2676 Scy·

121 2679 196 2743 thas
224 2701 295 2743 esse
320 2679 534 2744 crediderant:
507 2678 684 2762 tquibus
711 2676 795 2741 fract
795 2677 822 2740 is
849 2677 973 2742 nullam
1001 2683 1080 2763 gent
1082 2702 1133 2745 em

103 2764 333 2831 Macedonum
361 2768 459 2830 armis
486 2787 598 2848 parem
625 2766 695 2831 fore
723 2765 967 2830 confitebantur
1017 2765 1134 2852 Itaque

123 2850 222 2917 Sacae
244 2855 361 2919 misere
383 2854 525 2938 legatos,
548 2853 603 2936 qui
625 2852 854 2936 pollicerentur
878 2854 1041 2937 gentem
1030 2876 1133 2939 1mpe·

71 2949 103 2998 18
122 2942 194 3003 rata
224 2942 391 3006 facturam.
440 2902 588 3007 Moverat
617 2960 672 3005 eos
699 2941 785 3025 regis
808 2962 873 3006 non
890 2941 994 3007 virtus
1017 2943 1133 3028 magis,

123 3048 219 3110 quam
246 3030 448 3093 clementia
438 3051 473 3093 ιιι
495 3028 639 3092 devictos
662 3025 815 3110 Scythas:
846 3030 963 3112 quippe
986 3031 1132 3115 captivos

123 3135 233 3179 omnes
267 3117 336 3181 sine
366 3117 472 3200 pretio
504 3115 689 3199 remiserat,
720 3117 759 3180 ut
788 3116 885 3181 fidem
916 3117 1038 3183 faceret
1069 3119 1133 3184 sibi

122 3223 196 3267 cum
222 3202 430 3270 ferocissimis
458 3204 605 3290 gentium
633 3202 672 3267 de
698 3202 765 3269 fort
750 3203 901 3289 titudine,
927 3225 994 3269 non
1021 3204 1134 3272 dena

71 3301 103 3351 1⁹
122 3289 223 3354 fuisse
247 3294 417 3357 certamen.
456 3292 601 3377 Benigne
623 3291 724 3376 igitur
748 3293 890 3376 exceptis
909 3290 1063 3359 Sacarum
1086 3294 1133 3360 le-

123 3381 180 3464 gat
180 3378 208 3443 is
237 3379 388 3444 comitem
410 3380 583 3464 Elpinicon
605 3378 701 3463 dedit,
724 3378 828 3444 adhuc
851 3380 1057 3448 admodum'
1046 3403 1134 3448 mre·

107 3487 200 3551 nem,
237 3468 359 3535 aetatis
386 3468 467 3534 flore
495 3429 703 3534 conciliatuni
734 3467 810 3551 sibi,
843 3469 897 3551 qui
925 3490 998 3534 cum
1025 3470 1134 3554 specie

92 3556 251 3636 corporis
273 3563 439 3648 aequaret
457 3557 756 3646 Hephaestionem,
775 3555 809 3620 ei
822 3556 1135 3637 lcporahauhsane
