2356 3846
166 201 169 205 ¹
210 178 704 238 mereminmnnnxnnnm
720 179 796 252 vm,
815 187 857 239 13.
878 188 919 238 14.
1003 180 1069 247 221

387 428 390 435 .
470 374 551 443 Ore.
574 376 662 443 XIV.

10 502 45 567 li
146 499 280 584 lamque
307 520 423 586 agmen
449 501 485 566 in
511 522 632 566 cornua
660 501 799 567 divisum
827 502 899 587 ipse
924 502 1103 585 ducebat,1

56 611 132 655 cum
150 588 236 654 Poro
258 589 428 653 nuntiatur
454 589 554 655 armis
583 590 722 674 virisque
745 590 850 674 ripam
873 591 1015 657 obtineri
1038 595 1071 656 et

55 699 165 743 rerum
199 676 310 742 adesse
343 676 524 743 discrimen
573 677 622 742 Ac
653 678 758 762 primo
785 678 925 744 humani
947 680 1071 763 ingenii

55 766 140 831 vitio
164 765 234 849 spei
257 786 335 830 suae
357 764 530 849 indulgens
548 764 709 832 Abisaren
731 766 813 832 belli
831 767 954 832 socium
978 803 1017 814 -
1039 772 1071 834 et

55 856 105 920 ita
128 857 380 919 convenerat-
402 853 576 918 adventare
598 854 758 920 credebat.
803 853 881 922 Mox
899 855 1104 939 liquidiores

57 943 130 1008 luco
150 941 313 1025 aperiente
332 942 434 1007 eciem
450 940 596 1007 hostium
615 960 635 1007 c
653 943 827 1028 quadrigas
851 947 885 1009 et
902 962 956 1008 1111
978 945 1071 1011 milia

57 1031 205 1115 equitum
227 1030 368 1095 venienti
391 1031 518 1113 agmini
535 1030 662 1096 obiecit.
706 1030 782 1096 Dux
800 1035 872 1097 erat
893 1033 1070 1116 copiarum,

57 1140 139 1203 quas
158 1117 336 1203 praemisit,
356 1118 479 1203 Hages,
499 1118 603 1184 freter
619 1119 731 1204 ipsius,
754 1141 882 1185 summa
898 1121 1017 1186 virium
1035 1121 1070 1185 in

57 1206 215 1272 curribus.
248 1204 349 1272 Senos
367 1206 454 1271 viros
477 1207 598 1292 singuli
615 1207 787 1288 vehebant,
804 1208 885 1274 duos
903 1209 1071 1292 clipeatos,
1089 1217 1105 1264 3

57 1295 141 1361 duos
164 1294 363 1380 sagittmios,
386 1295 427 1359 ab
449 1298 587 1379 utroque
604 1295 707 1362 latere
725 1294 915 1381 dispositos:
939 1298 1072 1382 aurigae

57 1387 154 1449 erant
178 1383 292 1462 ceteri,
317 1382 405 1449 haud
433 1404 511 1448 sane
537 1385 689 1467 inermes,
717 1385 835 1470 quippe
862 1386 969 1451 iacula
996 1407 1070 1450 con-

55 1472 167 1556 plura,
189 1472 246 1537 ubi
265 1471 444 1535 comminus
467 1471 692 1554 proeliandum
715 1477 799 1556 erat,
821 1474 951 1540 omissis
974 1472 1071 1538 habe

55 1560 110 1625 nis
142 1560 177 1624 in
207 1559 336 1624 hostem
367 1559 567 1643 ingerebant
618 1558 768 1625 Ceterum
799 1561 854 1627 vix
881 1561 965 1627 ullus
994 1584 1071 1627 usus

54 1648 156 1714 huius
184 1647 295 1712 auxilii
317 1668 355 1712 eo
383 1647 434 1712 die
456 1645 527 1712 fui-r.
571 1646 734 1732 Namque,
764 1651 920 1732 utsupra
948 1649 1107 1715 dictum4

55 1741 123 1815 est,
149 1736 254 1801 imber
274 1735 449 1801 violentius
473 1758 571 1820 quam
595 1737 677 1801 alias
700 1737 792 1801 fusus
816 1757 947 1820 campos
971 1737 1071 1802 lubri-

56 1846 114 1891 cos
138 1827 172 1889 et
188 1824 417 1908 inequitabiles
439 1823 562 1889 fecerat
583 1844 762 1908 gravemus
783 1827 817 1890 st
839 1825 1071 1909 propemodum

56 1912 234 1978 inmobiles
267 1933 378 1977 currus
414 1911 534 1976 inluvie
567 1933 604 1976 aa
638 1911 848 1998 voraginibus
884 1913 1071 1979 haerebant.

56 1999 183 2067 Contra
203 1999 386 2065 Alexander
408 1999 559 2084 expedito
583 2021 621 2066 ac
642 2000 705 2065 levi
728 2000 859 2084 agmine
877 2004 1006 2066 strenue
1024 2001 1071 2065 in·
1089 2007 1106 2057 ὁ

54 2093 171 2155 rectus
194 2092 253 2154 est
292 2086 436 2171 Scythae
459 2091 492 2153 et
509 2086 621 2154 Dahae
643 2088 743 2172 primi
764 2089 908 2155 omnium
925 2090 1072 2154 invasere

55 2177 171 2261 Indos,
201 2175 387 2242 Perdiccam
414 2176 530 2241 deinde
557 2198 630 2242 cum
661 2176 825 2260 equitibus
856 2177 891 2241 in
923 2177 1072 2242 dextmm

57 2287 160 2331 cornu
177 2264 322 2330 hostium
340 2264 457 2330 emisit
492 2264 564 2329 Iam
581 2264 720 2349 undique
739 2285 848 2352 pugna
867 2286 901 2331 sc
918 2269 1072 2349 moverat,
1091 2273 1107 2322 6

57 2375 134 2419 cum
161 2353 200 2437 ii,
227 2353 283 2437 qui
310 2374 421 2417 currus
446 2353 599 2437 agebant,
627 2353 706 2418 illud
734 2353 887 2418 ultimum
915 2354 1072 2419 auxilium

57 2463 193 2508 suorum
211 2441 277 2506 rati
295 2439 404 2506 effirsis
421 2440 556 2505 habenis
574 2442 611 2506 in
628 2442 770 2507 medium
790 2441 962 2507 discrimen
979 2464 1072 2508 ruere

58 2534 244 2615 coeperunt.
291 2528 420 2611 Anceps
442 2528 475 2592 id
499 2529 620 2594 malum
641 2529 788 2614 utrisque
809 2532 887 2594 erat.
864 2528 1072 2596 ttNam
1039 2533 1107 2594 aa

57 2617 272 2684 Macedonum
295 2616 420 2700 pedites
443 2617 548 2718 primo
571 2617 695 2701 impetu
714 2617 997 2682 obterebantur
964 2621 997 2682 e
1013 2639 1072 2702 per

59 2707 189 2772 lubrica
210 2705 341 2789 atquc
331 2705 422 2769 mvia
442 2704 569 2769 inmissi
593 2726 706 2771 currus
730 2705 939 2770 excutiebant
961 2725 1029 2788 eos,
1053 2727 1073 2770 a

60 2796 180 2880 quibus
198 2794 409 2878 regebantur:
432 2793 571 2860 aliorum
593 2793 716 2858 turbati
739 2793 813 2876 equi
836 2814 901 2858 non
922 2793 956 2858 in
979 2813 1072 2858 vora·
1090 2801 1107 2852 e

61 2885 155 2970 gines
178 2882 274 2949 modo
297 2883 506 2966 lucunasque,
534 2881 648 2947 sedi
616 2882 714 2946 etiarn
741 2881 775 2946 in
798 2901 925 2946 amnem
948 2881 1071 2964 praeci-

59 2973 206 3056 pitavere
229 2971 397 3036 curricula
442 2969 542 3034 Pauci
568 2969 643 3035 telis
670 2969 814 3035 hostium
842 2969 948 3034 exacti
975 2990 1070 3054 pene·
1089 2978 1105 3027 9

10 3060 189 3126 sanavero
211 3060 253 3125 ad
276 3058 399 3125 Porum
427 3058 579 3123 acarmme
606 3056 1073 3160 pugnamcientem.1s,ut

60 3149 238 3251 dissipatos
260 3150 331 3214 tota
349 3147 417 3213 acia
435 3167 546 3212 currus
564 3147 677 3230 vagari
695 3146 765 3211 sine
782 3145 962 3211 rectoribus
981 3107 1071 3230 vidit,

60 3237 218 3322 proximis
252 3237 430 3302 amicorum
460 3234 627 3300 distribuit
659 3232 860 3318 elephantos.
908 3233 990 3299 Post
1016 3255 1071 3299 eos
1091 3243 1124 3292 10

59 3329 216 3410 posuerat
247 3323 387 3410 peditem
419 3344 456 3388 ac
488 3323 677 3408 saginarios
704 3327 734 3388 ct
758 3326 912 3407 tympana
943 3323 1072 3406 pulsare

60 3414 191 3480 solitos.
213 3412 246 3477 id
262 3434 321 3496 pro
341 3415 437 3477 cantu
455 3411 606 3476 tubarum
624 3410 712 3476 Indis
730 3413 811 3476 erat.
845 3410 914 3476 Nec
933 3411 1071 3492 strepitu

61 3524 174 3568 eorum
205 3501 380 3568 movebant
381 3523 432 3581 ur,
464 3500 543 3565 olim
574 3500 615 3565 ad
646 3503 764 3565 notum
792 3520 916 3564 sonum
942 3498 1085 3559 asilaus

57 3589 204 3674 mlll’fffll
189 3611 228 3655 ¹³
266 3587 419 3656 Herculis
447 3589 670 3658 simulacrum
690 3586 828 3675 agurium
838 3583 1002 3668 aarum
1011 3592 1113 3651 urae
1098 3580 1161 3621 *A
