2356 3846
505 211 722 276 ...10-

101 380 137 441 et
163 375 342 461 pessimum
369 374 405 437 in
432 377 520 438 terra
547 377 677 458 reptare
705 395 742 438 ac
774 372 838 438 toti
871 371 992 457 gaudio
1026 371 1125 437 huius

105 465 225 531 saeculi
240 464 280 528 ad
298 468 449 546 tempora
462 463 552 527 ritae
567 484 644 527 suae
657 462 792 528 omnino
804 463 993 528 renuntiare
1007 461 1127 526 vitam·

93 566 166 639 'que
190 575 283 618 suam
306 552 341 616 in
363 551 516 617 continuo
540 552 631 616 luctu
659 556 693 617 et
715 573 861 616 maerore
886 551 1068 635 expendere
1091 571 1125 614 se

104 643 203 726 velle,
227 641 256 706 si
278 641 359 707 talia
383 640 578 722 acciderent,
603 641 788 706 affirmavit.
825 639 886 705 His
907 645 941 705 ct
964 640 1039 705 aliis
1058 660 1128 704 vcr-

104 733 221 797 borum
245 734 278 795 et
302 730 513 795 consiliorum
537 730 740 795 conflictibus
768 752 827 814 per
849 730 970 794 multos
1000 729 1071 794 dies
1095 731 1150 793 et⁵

105 823 217 886 noctes
240 819 363 884 habitis
383 818 643 884 deliberaverunt
660 818 793 883 tandem
816 819 902 883 inter
925 841 960 883 se
985 818 1126 884 aliorum

106 914 218 974 tamen
241 909 305 973 sibi
329 908 474 972 fidelium
498 907 642 973 consiliis
666 929 732 973 non
756 911 903 992 expertes
927 907 1029 991 quod,
1054 929 1126 972 cum

106 999 173 1063 iarn
202 1000 288 1062 esset
315 998 350 1062 iu
376 1001 506 1062 tanturn
533 996 569 1061 in
595 997 657 1062 hoc
684 997 771 1062 facto
802 1018 1003 1082 processum,
1037 996 1125 1061 aliud

105 1088 294 1152 nullatenus
319 1086 483 1170 expediret
511 1108 609 1169 quam
636 1086 722 1170 quod
745 1086 877 1151 omnino
900 1084 1124 1151 Romanorum

107 1177 314 1261 imperatoris
338 1176 579 1258 obtemperaret
601 1175 763 1240 voluntati
785 1175 820 1238 in
842 1175 904 1239 hac
926 1178 1033 1258 parte.
1134 1190 1155 1230 ¹⁰

50 1261 97 1324 14
197 1264 268 1341 Qua
287 1264 492 1330 conclusione
510 1264 640 1329 consilii
656 1264 703 1328 sic
721 1263 837 1328 habita
854 1264 1035 1347 imperator
1054 1285 1122 1329 cum

107 1353 313 1437 imperatrice
342 1352 452 1417 omnia
480 1356 672 1417 ornamenta
699 1375 780 1436 quac
809 1356 931 1418 statum
954 1354 1045 1419 filiae
1068 1353 1122 1417 im·

105 1442 268 1527 peratoris
292 1442 328 1506 in
344 1441 404 1506 tali
428 1463 506 1506 casu
529 1441 678 1526 expedire
704 1441 856 1506 videntur
879 1445 912 1506 et
936 1442 1120 1524 condecent,

107 1554 189 1616 quae
223 1531 349 1594 animus
381 1530 524 1596 hominis
557 1553 701 1614 unquam
730 1532 913 1615 excogitare
941 1534 1057 1614 posset
1084 1529 1120 1594 dc

106 1621 194 1685 vasis
218 1621 364 1685 vestibus
384 1624 417 1682 et
436 1619 510 1684 aliis
534 1619 789 1704 quibuscumque
808 1620 1021 1703 apparatibus
1046 1632 1150 1684 aur01⁵

106 1712 139 1773 ct
158 1712 294 1792 argento
314 1712 347 1773 et
365 1709 503 1792 gemmis
523 1708 769 1790 pretiosissimis
789 1708 969 1791 adornatis,
988 1730 1120 1793 quarum

105 1820 216 1862 rerum
240 1798 382 1862 maxima
405 1798 499 1881 copia
522 1797 643 1861 ibidem
666 1797 858 1881 habebatur,
881 1801 914 1862 et
933 1798 999 1862 alia
1022 1798 1121 1862 multa
1153 1826 1170 1845 κ

106 1891 302 1971 praeparata
320 1886 391 1951 fieri
406 1886 574 1951 mandavit
587 1889 620 1950 et
637 1886 717 1951 fecit
734 1907 792 1970 pro
806 1886 923 1950 itincre
941 1886 1032 1951 filiae
1048 1908 1122 1952 suae

103 1975 267 2040 familiam
294 1976 432 2040 multam
461 1975 581 2040 addens
614 1978 648 2039 et
679 1975 718 2039 de
745 1975 908 2039 thesauris
940 1997 1123 2059 pannorum

106 2065 300 2128 sericeorum
325 2068 359 2129 et
382 2064 520 2128 aliarum
549 2063 751 2128 infinitarum
774 2085 882 2128 rerum
906 2065 1154 2147 pretiosarumu

102 2152 381 2218 inaestimabilem
400 2153 627 2236 quantitatem,
661 2151 790 2217 Interea
810 2152 909 2217 etiarn
925 2158 1124 2219 mercatores

104 2241 264 2326 praedicti
289 2242 328 2306 de
351 2240 458 2305 reditu
480 2240 601 2305 ibidem
625 2241 763 2324 amplius
790 2240 938 2308 faciendo
962 2242 1126 2327 desperati

105 2352 204 2395 naves
220 2352 304 2412 suas,
323 2351 461 2414 quarum
476 2330 652 2394 maximam
666 2333 704 2394 ut
718 2330 865 2413 praedixi
879 2331 1125 2398 multitudinem

106 2442 215 2484 secum
243 2419 455 2504 adduxerant,
483 2418 523 2483 de
549 2419 687 2483 infinitis
711 2419 931 2484 mercimoniis
954 2420 1124 2487 nobilibus

104 2508 329 2592 impleverunt.
1137 2523 1159 2565 2⁶

50 2594 96 2656 15
194 2596 389 2681 imperatrix
403 2619 479 2662 vero
499 2596 538 2660 dc
553 2619 681 2661 recessu
699 2596 784 2661 filiae
800 2618 878 2661 suae
891 2596 990 2661 nimis
1010 2598 1125 2664 dolens

106 2707 143 2750 ac
171 2685 210 2750 dc
238 2686 474 2751 mercatoribus
501 2686 690 2769 praedictis,
719 2686 803 2750 sicut
828 2688 978 2751 materna
1000 2687 1127 2753 viscera

106 2773 245 2858 quodam
270 2773 404 2857 speciali
427 2774 572 2858 ingenio,
596 2797 659 2858 quo
681 2778 799 2839 natura
822 2777 943 2839 matres
966 2797 1027 2858 pro
1053 2798 1127 2842 con·

106 2864 288 2927 servatione
312 2862 382 2946 spei
405 2867 438 2927 ct
461 2863 649 2928 educatione
675 2863 817 2927 filiarum
840 2863 1037 2949 ingeniarit,
1063 2865 1126 2931 sibi

105 2951 336 3034 patefecerant,
355 2952 569 3035 suspitionem
588 2952 824 3036 aliquantulam
842 2952 965 3017 habens
987 2954 1127 3021 tradidit
1138 2968 1162 3009 ω

105 3039 290 3123 praedictae
314 3040 399 3104 filiae
425 3041 550 3123 private
575 3062 612 3106 ao
635 3062 825 3125 quocunque
853 3041 986 3106 homine
1009 3043 1126 3108 mundi

106 3127 272 3192 nesciente
290 3130 448 3194 nonnulla
472 3131 604 3195 encenia
627 3129 667 3194 de
686 3152 765 3195 auro
784 3131 954 3195 virissimo
976 3153 1014 3197 ac
1032 3133 1127 3198 nobi-

178 3355 268 3412 chiis
288 3358 364 3412 codd.
438 3365 504 3412 9sc
518 3363 583 3427 post
601 3359 676 3427 quod
694 3359 820 3413 inserant
833 3359 910 3413 codd.
985 3365 1017 3414 1⁷
1037 3359 1126 3415 habe-

101 3430 150 3482 tur
166 3431 258 3500 codd„
279 3429 438 3485 habebatur
456 3431 571 3485 correxi.
644 3436 676 3484 18
696 3428 871 3499 praeparatis
890 3431 967 3485 codd.
1044 3437 1076 3486 19
1096 3432 1126 3487 ct

88 3499 127 3555 de
146 3506 264 3580 oddoni,
286 3505 318 3562 et
337 3506 412 3564 deest
430 3504 463 3560 ia
483 3503 562 3561 codd.
634 3508 671 3557 aa
688 3517 725 3556 ac
741 3501 787 3565 D,
803 3501 834 3552 et
848 3501 889 3553 F.
