2356 3846
485 196 677 260 ,4-

74 355 182 440 coepit
205 356 336 440 suisque
359 355 510 420 manibus
533 355 658 422 victum
681 355 746 420 sibi
773 375 929 439 quaerere
952 353 1093 419 sollicite

74 444 244 532 cogitavit.
281 443 427 509 Donaria
450 449 559 509 autem
582 445 686 529 ipsius
709 444 918 528 imperatoris
940 443 991 508 ita
1011 443 1094 527 apud

76 556 110 599 se
139 533 329 617 occultavit,
357 537 394 597 ut
423 538 529 599 essent
557 534 708 599 omnibus
731 533 900 618 incognita
923 535 957 596 et
979 532 1094 617 ignota

75 644 177 707 usque
207 623 243 686 in
273 622 358 687 diem
388 622 597 689 revelationis
632 624 777 706 ipsorum
809 621 895 686 infra
927 622 1093 706 scriptum

75 709 234 776 Homines
258 715 367 776 autem
390 711 440 776 illi
463 733 536 777 cum
556 712 673 796 quibus
691 711 839 795 praefata
860 710 989 776 Helena
1006 710 1114 776 habi-r

75 806 147 866 tare
175 801 284 884 coepit
310 800 456 866 videntes
484 802 553 867 eius
580 800 858 885 pulchritudinem
885 821 923 864 ac
954 799 1093 865 sollicite

77 889 318 955 considerantes
346 911 474 954 morum
502 890 571 955 eius
601 895 635 956 et
656 890 815 955 virtutum
838 888 1041 974 elegantiam
1061 910 1093 954 ae
1131 934 1135 967 ⁴

76 979 227 1044 laborum
242 1000 374 1044 suorum
388 979 605 1064 frequentiam
620 983 653 1044 et
666 978 860 1064 qualitatem
879 978 917 1042 de
937 992 1091 1062 generosa
1133 974 1135 987 '

78 1072 111 1132 et
133 1067 239 1132 nobili
263 1069 418 1152 prosapia
440 1069 601 1154 originem
624 1068 764 1133 traxisse
789 1067 1003 1132 aestimantes
1030 1087 1091 1132 coe·

77 1160 197 1241 perunt
220 1177 292 1221 eam
316 1179 413 1242 quam
435 1158 613 1240 plurimum
635 1157 771 1242 diligere
790 1159 824 1221 et
847 1177 979 1222 omnem
1002 1177 1090 1242 quan
1099 1171 1117 1211 1⁰

78 1249 232 1330 poterant
253 1245 411 1328 pietatem
434 1247 498 1310 sibi
522 1246 684 1311 exhibere.

43 1340 64 1404 5
169 1331 365 1399 Succedente
398 1339 508 1400 autem
539 1340 685 1420 tempore
719 1338 752 1400 et
780 1334 952 1417 completis
985 1333 1088 1400 diebus

79 1422 206 1487 Helena
228 1422 356 1506 peperit
383 1424 487 1488 filium
511 1427 543 1488 et
565 1446 686 1489 nomen
709 1424 741 1488 ei
760 1427 878 1506 patruo
900 1445 970 1488 non
992 1423 1089 1488 incon·

79 1511 213 1576 veniens
242 1515 275 1575 et
303 1512 416 1577 exinde
444 1513 626 1578 derivatum
653 1514 822 1597 imponens
846 1510 1089 1579 Constantinum

78 1600 270 1665 nominavit.
311 1600 510 1667 Hominibus
537 1605 646 1666 autem
674 1602 755 1686 illis,
783 1623 856 1667 oum
884 1602 1003 1686 quibus
1027 1611 1116 1666 con-²⁵

79 1690 286 1773 versabatur,
315 1689 354 1755 de
383 1695 476 1774 patre
499 1691 592 1775 pueri
616 1691 688 1777 quis
712 1694 798 1756 esset
821 1689 1090 1775 interrogantibus

81 1778 164 1842 dixit
191 1781 310 1863 mater,
339 1779 425 1864 quod
453 1801 527 1845 eum
554 1780 594 1845 de
622 1779 763 1865 quodam
789 1778 874 1862 viro,
908 1801 1006 1864 quem
1037 1777 1091 1844 sibi

80 1869 231 1950 parentes
264 1868 299 1931 in
331 1869 480 1951 partibus
513 1869 679 1934 natalibus
715 1870 749 1934 in
785 1869 940 1933 maritum
973 1866 1091 1952 copula

81 1959 209 2039 verant,
232 1978 337 2040 nuper
355 1957 507 2023 defuncto
527 1958 733 2042 suscepisset.
765 1955 875 2024 Crevit
893 1961 1005 2021 autem
1022 1977 1091 2041 puer

81 2044 206 2108 istaec
234 2045 273 2109 de
301 2047 396 2110 eorde
424 2047 569 2111 virtuoso
599 2048 761 2112 virtuosae
789 2047 903 2111 matris
927 2046 1118 2132 virtutibusw

83 2137 116 2198 et
139 2133 234 2198 bonis
253 2135 400 2199 moribus
423 2135 619 2201 informatus
640 2158 677 2201 ac
701 2136 739 2200 de
758 2135 928 2201 laboribus
947 2155 1092 2201 manuum

83 2244 215 2285 suarum
249 2222 402 2288 educatus
436 2224 543 2307 eoepit
579 2225 707 2308 placere
739 2225 903 2308 omnibus,
941 2225 998 2309 qui
1033 2223 1092 2288 eius

83 2310 238 2375 notitiam
262 2310 459 2397 habuerunt,
486 2335 559 2377 cum
587 2318 673 2379 esset
701 2313 939 2397 pulcherrimus
963 2313 999 2378 in
1021 2311 1093 2379 facie

84 2403 118 2463 et
140 2399 174 2463 in
196 2420 325 2464 morum
348 2401 537 2485 aptissimus
562 2402 743 2485 disciplina.

50 2495 70 2560 6
174 2487 223 2553 Eo
262 2492 371 2554 autem
408 2494 555 2576 tempore
592 2491 698 2576 viguit
735 2494 768 2556 et
800 2491 921 2556 diutius
954 2490 1120 2576 viguerant

85 2597 206 2661 magna
230 2597 421 2661 guerrarum
440 2581 615 2645 commotio
634 2581 720 2645 inter
739 2581 970 2665 imperatorem
988 2579 1095 2646 Romu·

84 2687 162 2730 num
196 2664 427 2733 Constantium
458 2668 662 2752 praedictum
695 2674 728 2734 ct
757 2669 991 2753 imperatorem
1021 2667 1095 2736 (lor-
1133 2686 1135 2745 5

86 2755 419 2838 stantinopolitanum
449 2779 506 2821 seu
539 2757 751 2841 Graecorum3
785 2762 818 2823 et
848 2759 915 2822 iam
947 2781 1006 2842 per
1037 2758 1096 2824 diu·
1132 2754 1135 2835 ξ

84 2844 278 2907 turnitatem
297 2846 543 2910 contentionum
560 2846 745 2912 huiusmodi
764 2848 858 2932 quasi
877 2849 950 2913 tota
970 2846 1097 2913 Graecia
1133 2876 1135 2907 ι

87 2953 160 2995 cum
194 2931 368 3018 Romanis,
408 2956 544 3019 quorum
579 2955 699 3020 magna
732 2939 810 3001 tunc
842 2937 1000 3021 temporis
1038 2937 1125 3002 erae

87 3021 245 3103 potentia,
266 3020 307 3084 ad
322 3024 627 3089 exterminationem
640 3025 773 3090 redacta
790 3025 858 3090 fere
878 3025 949 3090 fuit.
982 3025 1099 3092 Eodem

87 3129 165 3173 vero
193 3111 340 3192 tempore
369 3117 462 3177 erant
489 3113 525 3178 in
547 3114 628 3178 urbe
651 3112 801 3179 Romana
825 3114 888 3180 duo
911 3115 1099 3199 praedivites

89 3202 299 3280 mercatores,
333 3201 372 3266 de
400 3203 517 3286 quibus
545 3203 724 3286 imperator
751 3202 948 3268 Graecorum
980 3208 1101 3270 tantam

163 3351 226 3400 'lac
240 3343 368 3398 laborum
382 3342 427 3408 D,
453 3344 482 3396 et
497 3341 625 3396 laborum
639 3341 676 3396 F.
749 3347 765 3395 8
787 3358 899 3396 suorum
917 3343 969 3409 cfr.
989 3344 1062 3414 adp
1095 3382 1101 3396 .

84 3421 117 3484 5,
136 3421 185 3473 25.
262 3421 296 3472 18
315 3412 346 3466 in
373 3413 502 3485 partibus
527 3413 558 3467 in
579 3412 713 3468 maritum
731 3414 822 3481 codd,
846 3412 990 3470 natalibus
1010 3412 1103 3472 add'i

74 3504 115 3544 ea
132 3492 227 3562 eapite
244 3494 292 3548 35.
370 3495 404 3546 33
424 3486 538 3543 tantam
555 3486 647 3542 orotett
665 3485 704 3540 F.
