2370 3834
281 167 537 224 HISTORIARUM
552 167 771 223 ALEXANDRI
789 168 851 239 VII,
871 175 894 224 1.
1031 167 1095 234 149

85 313 191 398 magis
223 335 320 397 quam
352 312 478 377 crimini
509 313 616 377 fuerat
648 317 830 396 exemptus:
865 317 936 378 tum
969 325 1130 399 quoquae

85 402 255 486 Antipatri
278 401 381 466 soceri
409 401 477 466 eius
499 422 611 484 preces
633 401 754 466 iustam
777 403 862 487 regis
885 404 969 467 iram
992 424 1096 468 mora·

85 492 214 556 bantur.
263 487 415 555 Ceterum
437 490 601 554 recruduit
624 495 818 572 suppuratus
842 490 948 556 dolor:
978 491 1097 576 quippe

86 579 205 644 veteris
227 578 362 662 periculi
384 579 574 642 memoriam
602 579 781 660 praesentis
809 599 885 643 cura
909 580 1097 646 renovabat.

85 667 192 752 igitur
209 666 394 732 Alexander
412 687 450 730 ex
470 665 615 731 custodia
634 666 778 731 educitur
796 668 965 752 iussusque
983 668 1097 751 dicere,
1115 681 1131 730 8

85 776 281 839 quamquam
308 757 379 818 toto
405 755 545 819 triennio
574 754 749 819 meditatus
777 759 847 820 erat
871 756 1097 840 defensionem,

86 849 196 908 tamen
218 842 384 907 haesitans
408 846 442 908 et
468 843 614 926 trepidus
641 864 746 926 pauca
769 866 808 908 ex
834 844 890 927 iis,
919 867 1001 929 quae
1024 866 1097 909 con·

85 935 255 1015 posuerat,
280 930 428 1014 protulit,
458 931 497 995 ad
525 932 675 996 ultimum
702 953 765 997 non
796 934 953 997 memoria
982 934 1097 1015 solum,

86 1019 143 1084 sed
162 1020 260 1084 etiam
279 1040 369 1084 mens
390 1041 462 1084 eum
477 1020 634 1085 destituit.
669 1018 761 1085 Nulli
776 1025 846 1085 erat
859 1021 1000 1104 dubium,
1019 1020 1097 1104 quin
1115 1035 1131 1085 9

85 1108 260 1191 trepidatio
288 1107 501 1172 conscientiae
528 1108 681 1172 indicium
709 1113 807 1188 esset,
835 1131 900 1174 non
922 1109 1097 1173 memoriae

85 1197 211 1261 vitium.
255 1194 370 1279 Itaque
393 1216 432 1259 ex
458 1197 523 1280 his,
556 1196 611 1280 qui
638 1197 778 1280 proximi
807 1197 1014 1280 adstiterunt,
1042 1197 1097 1261 ob·

49 1286 263 1350 fluctantem
286 1284 391 1348 adhuc
415 1285 571 1349 oblivioni
592 1285 712 1350 lanceis
737 1285 955 1350 confoderunt.
997 1283 1098 1350 Cuius
1116 1300 1151 1350 10

86 1394 220 1456 corpore
243 1372 353 1436 ablato
377 1393 433 1437 rex
455 1373 618 1438 introduci
640 1373 738 1438 iussit
759 1373 937 1457 Amyntam
960 1377 993 1451 et
1016 1372 1098 1439 Sim·

86 1461 201 1525 miam:
238 1481 316 1525 nam
352 1459 523 1544 Polemon,
555 1461 706 1525 minimus
743 1483 782 1525 ex
817 1461 988 1546 fratribus,
1024 1485 1097 1528 cum

85 1548 241 1614 Philotan
273 1549 419 1632 torqueri
450 1549 661 1632 conperisset,
693 1549 893 1634 profugerat.
946 1550 1098 1616 Omnium
1117 1566 1150 1616 11

85 1637 235 1702 Philotae
258 1637 436 1702 amicorum
458 1637 493 1700 hi
516 1637 676 1702 carissimi
699 1636 839 1720 fuerant,
863 1638 902 1702 ad
926 1659 1046 1723 magna
1065 1644 1098 1704 et

85 1725 247 1790 honorata
276 1725 456 1789 ministeria
482 1725 571 1789 illius
598 1725 737 1790 maxime
766 1726 997 1811 suffragatione
1024 1749 1098 1811 pro·

86 1814 188 1878 ducti:
221 1814 475 1896 memineratque
502 1835 572 1896 rex,
605 1835 730 1878 summo
759 1814 865 1879 studio
894 1815 934 1879 ab
962 1824 1001 1879 eo
1025 1836 1099 1880 con-

86 1902 215 1966 ciliatos
235 1902 306 1966 sibi.
342 1899 411 1966 Nec
428 1901 599 1966 dubitabat
612 1902 722 1986 igitur,
739 1901 835 1967 huius
850 1923 976 1986 quoque
990 1903 1098 1967 ultimi

86 1990 214 2054 consilii
228 1990 328 2055 fuisse
342 1989 531 2073 participes:
548 1991 624 2054 clim
639 1990 702 2054 sibi
717 2011 787 2055 esse
802 1994 969 2074 suspectos
983 1991 1098 2055 matris
1119 2007 1150 2055 12

87 2100 163 2144 suae
185 2079 320 2155 litteris,
344 2079 460 2161 quibus
484 2081 570 2142 esset
593 2079 792 2163 admonitus,
814 2083 851 2143 ut
875 2080 915 2143 ab
938 2079 991 2144 his
1015 2079 1099 2144 salu·

85 2171 153 2231 tem
177 2188 269 2231 suam
291 2171 448 2231 tueretur:
472 2170 612 2232 ceterum
636 2188 669 2231 se
692 2167 831 2231 invitum
854 2167 1014 2232 deteriora
1032 2188 1097 2232 cre-

86 2256 216 2320 dentem
233 2275 318 2319 nunc
336 2254 518 2318 manifestis
540 2254 666 2319 indiciis
684 2255 806 2319 victum
824 2255 955 2320 iussisse
973 2256 1098 2320 vinciri.

85 2343 173 2409 Nam
199 2343 319 2427 pridie,
347 2364 444 2426 quam
471 2342 676 2428 detegeretur
699 2342 847 2408 Philotae
875 2344 992 2427 scelus,
1020 2345 1098 2427 quin
1118 2361 1151 2411 13

85 2433 121 2496 in
144 2435 269 2497 secreto
291 2453 364 2496 cum
389 2452 427 2495 eo
450 2430 600 2513 fuissent,
623 2452 689 2496 non
712 2452 808 2514 posse
832 2431 981 2496 dubitari.
1021 2431 1097 2497 Fra-

85 2524 171 2585 trem
188 2541 274 2603 vero,
294 2519 349 2603 qui
366 2519 556 2603 profugerit,
579 2539 653 2582 eum
676 2519 714 2583 de
732 2518 864 2583 Philota
881 2522 1098 2603 quaereretur,

86 2609 251 2692 aperuisse
269 2607 366 2691 fugae
385 2628 523 2671 causam.
555 2606 668 2689 Nuper
685 2611 814 2690 praeter
832 2608 1098 2673 consuetudinem
1116 2625 1151 2674 14

87 2697 186 2762 officii
218 2696 324 2779 specie
355 2695 473 2759 amotis
495 2694 625 2778 longius
644 2695 760 2759 ceteris
780 2695 959 2759 admovisse
983 2701 1098 2760 semet-

85 2786 176 2869 ipsos
194 2785 289 2848 lateri
308 2805 367 2848 suo
386 2784 476 2848 nulla
489 2783 653 2866 probabili
671 2803 780 2847 causa:
800 2804 896 2866 seque
913 2784 1097 2869 mirantem,

87 2874 172 2958 quod
203 2894 269 2938 non
298 2873 366 2937 vice
394 2895 453 2937 sua
484 2872 544 2962 tqli
571 2871 783 2955 fungerentur
811 2872 933 2956 officio,
964 2876 996 2936 et
1024 2873 1097 2956 ipsa

85 2962 301 3045 trepidatione
329 2983 439 3026 eorum
461 2961 668 3043 perterritum
693 2965 821 3024 strenue
846 2960 885 3024 ad
909 2962 1099 3047 armigeros,

87 3051 143 3135 qui
160 3050 306 3134 proxime
321 3049 547 3133 sequebantur,
565 3049 744 3113 recessisse.
775 3049 827 3114 Ad
841 3048 921 3114 haec
936 3051 1096 3134 accedere,
1116 3069 1150 3120 15

87 3139 186 3222 quod,
209 3160 282 3203 eum
305 3137 523 3221 Antiphanes,
547 3138 654 3201 scriba
678 3137 836 3221 equitum,
858 3138 1022 3221 Amyntae
1047 3140 1097 3203 de·

86 3228 284 3309 nuntiasset,
311 3225 415 3311 pridie
443 3246 539 3308 quam
561 3225 712 3290 Philotae
736 3226 839 3290 scelus
863 3227 1097 3316 deprehensum

87 3319 185 3397 esset,
217 3318 255 3380 ut
287 3336 325 3378 ex
357 3313 422 3378 suis
455 3315 547 3397 equis
578 3336 668 3379 more
697 3314 794 3379 solito
823 3313 915 3379 daret
941 3315 1010 3400 his,
1042 3316 1098 3399 qui

93 3403 271 3467 amisissent
298 3420 412 3486 equos,
447 3403 584 3485 superbe
616 3401 848 3486 respondisset,
877 3404 940 3467 nisi
967 3404 1096 3489 incepto

100 3490 267 3569 {asisteret
284 3491 376 3555 brevi
395 3491 561 3574 sciturum,
580 3491 652 3574 quis
666 3492 737 3574 ipse
751 3493 848 3554 esset.
881 3491 1112 3564 lamluxmuae
1126 3506 1170 3545 xe,

101 3579 273 3645 dolentiam
302 3579 591 3669 temeritatemque
612 3580 816 3662 uerborum,
841 3596 932 3659 <mae
947 3575 999 3633 'un
1014 3567 1141 3627 semem
