2356 3846
165 175 167 179 ι
254 146 510 204 msroamnuu
527 147 870 217 marianarum.
1002 148 1066 212 143

55 253 191 376 stirpem
218 291 339 357 tacitus
367 292 592 377 adgnosceret,
620 313 717 376 quam
745 293 800 377 qui
826 292 1066 376 praedicatione

54 382 199 446 iactaret.
236 377 298 444 Sed
322 380 475 464 quoniam
494 379 616 445 oraculi
636 380 715 445 fides
734 384 902 459 certarent,
926 382 970 446 sit
988 381 1066 445 deus
1084 400 1120 450 28

54 490 170 534 causae
189 489 279 534 meae
297 469 400 534 testis.
438 467 587 534 Retinete
606 489 657 533 me
675 470 710 533 in
727 469 878 552 vinculis,
898 470 973 534 dum
992 491 1066 534 con-

55 557 173 623 sulitur
205 555 383 640 Hammon,
415 577 493 622 num
524 577 677 622 arcanum
705 560 737 623 et
769 557 931 622 occultum
963 559 1067 624 scelus

53 646 196 710 inierim:
225 645 279 729 qui
306 666 417 731 regern
444 647 591 710 nostrum
617 645 843 730 dignatusest
868 646 986 728 filium,
1013 668 1067 710 ne-

54 735 177 799 miuem
205 754 331 817 eorum,
361 733 416 818 qui
444 733 539 817 stirpi
567 755 644 798 suae
670 733 817 799 insidiati
845 739 933 818 sunt,
965 735 1067 799 latere

54 821 207 907 patietur.
252 819 287 887 Si
314 821 454 888 certiora
476 821 616 887 oraculis
638 822 769 888 creditis
797 843 868 887 esse
894 825 1067 906 termento,
1086 838 1121 890 33

54 932 96 977 33
124 910 209 975 hane
236 910 366 995 quidem
389 910 588 976 exhibendae
610 910 756 975 veritatis
779 910 876 976 fidem
906 911 1068 995 deprecor.

10 998 46 1064 lO
56 995 170 1065 Solent
182 998 230 1064 rei
244 998 361 1082 capitis
375 997 527 1064 adhibere
541 998 634 1064 vobis
648 1003 810 1083 parentes.
840 998 930 1064 Duos
948 999 1067 1063 iratres
1087 1016 1121 1065 3ο

56 1107 117 1172 ego
144 1108 246 1171 nuper
274 1086 382 1170 amisi,
414 1091 541 1171 patrem
566 1107 626 1152 nec
652 1088 821 1152 ostendere
850 1109 983 1171 possum
1009 1108 1068 1152 nec

54 1177 206 1242 invocare
233 1175 349 1258 audeo,
375 1196 449 1241 cum
476 1175 605 1260 etipse
632 1176 715 1241 tanti
744 1175 887 1241 criminis
914 1196 987 1240 rens
1015 1177 1068 1239 sit

54 1262 176 1329 Parum
193 1267 245 1328 est
262 1265 348 1329 enim
370 1266 423 1328 tot
442 1263 539 1329 modo
558 1263 696 1330 liberum
714 1267 897 1348 parentem,
919 1264 954 1329 in
973 1263 1068 1329 unico
1087 1280 1121 1329 31

53 1372 139 1418 ncnc
156 1352 222 1417 filio
242 1352 512 1436 adquiescentem,
530 1373 568 1417 eo
588 1374 715 1437 quoque
731 1352 849 1435 orbari,
866 1353 931 1417 nisi
948 1352 1017 1436 ipsc
1035 1353 1070 1416 in

54 1460 174 1524 rogum
204 1461 312 1506 meum
343 1440 519 1525 inponitur.
568 1439 672 1524 Ergo,
704 1441 868 1506 carissime
896 1444 1004 1524 pater,
1036 1445 1070 1506 et
1088 1456 1122 1506 32

55 1533 189 1613 propter
207 1550 258 1594 me
277 1529 423 1594 morieris
443 1531 476 1592 et
494 1549 627 1593 mecum.
663 1527 737 1612 Ego
755 1528 818 1594 tibi
832 1529 935 1594 vitam
954 1530 1071 1607 adimo,

56 1637 119 1702 ego
147 1620 344 1684 senectutem
372 1621 462 1682 tuam
490 1616 656 1701 extinguo!
702 1616 786 1692 Quid
809 1617 893 1681 enim
921 1639 973 1682 me
996 1639 1069 1700 pro·

56 1707 191 1772 creabas
214 1704 377 1770 infelicem
396 1705 643 1770 adversantibus
666 1703 738 1768 dis?
761 1727 803 1770 an
821 1708 858 1769 ut
880 1704 941 1769 hos
961 1727 998 1770 ex
1017 1726 1069 1769 me

54 1795 182 1859 fruetus
214 1793 408 1877 perciperes,
446 1794 502 1877 qui
536 1795 568 1856 te
601 1793 755 1857 manent?
799 1792 930 1875 Nescio,
963 1793 1069 1858 adule-
1088 1808 1122 1859 33

56 1882 182 1948 scentia
203 1902 277 1946 mea
293 1881 441 1946 miserior
464 1881 570 1946 sitan
592 1884 739 1945 senectus
762 1884 833 1945 tua:
856 1901 916 1966 ego
941 1881 975 1946 in
997 1883 1069 1965 ipso

55 1971 173 2036 robore
200 1970 319 2034 aetatis
342 1970 474 2052 eripior:
504 1968 566 2033 tibi
592 1967 737 2034 carnifex
765 1969 915 2052 spiritum
939 1969 1070 2052 adimet,

57 2080 168 2144 quem,
190 2059 219 2123 si
237 2057 368 2123 fortuna
386 2060 554 2141 expectare
573 2057 744 2138 voluisset,
765 2060 884 2122 natura
905 2057 1069 2140 poscebat.

56 2145 239 2212 Admonuit
275 2166 327 2210 me
357 2146 461 2229 patris
492 2144 557 2209 mei
588 2145 724 2227 mentio,
755 2165 853 2228 quarn
887 2145 1000 2209 timide
1037 2149 1071 2210 et
1087 2161 1123 2211 34

56 2238 261 2317 cunctanter,
288 2255 370 2317 quae
392 2230 567 2298 Cebalinus
593 2232 754 2297 detulerat
777 2233 817 2298 ad
841 2255 906 2316 me,
928 2233 1069 2299 indicare

56 2323 233 2389 debuerim.
274 2320 445 2386 Parmenio
469 2322 567 2405 enim,
591 2341 664 2386 enm
687 2320 843 2404 audisset,
868 2343 1026 2386 venenum
1050 2344 1070 2388 a

56 2411 210 2497 Philippo
245 2410 368 2476 medico
404 2410 475 2494 regi
506 2409 627 2493 parari,
663 2409 825 2474 deterrere
857 2431 930 2474 eum
967 2409 1071 2475 voluit

57 2500 198 2585 epistola
230 2499 364 2582 scripta,
399 2519 462 2581 quo
495 2497 602 2562 minus
633 2497 903 2562 medicamentum
934 2497 1070 2580 biberet,

57 2589 144 2673 quod
169 2587 312 2653 medicus
339 2586 415 2650 dare
443 2587 663 2651 constituerat.
708 2584 796 2650 Num
828 2585 985 2651 creditum
1018 2591 1069 2651 est

57 2676 147 2761 patri
168 2677 263 2742 meo?
296 2696 373 2740 num
398 2675 495 2739 ullam
519 2675 748 2740 auctoritatem
770 2674 839 2738 eius
862 2674 988 2738 litterae
1010 2673 1068 2738 ha·

57 2765 219 2831 buerunt?
259 2763 333 2847 Ego
355 2763 438 2849 ipse,
461 2763 625 2848 quotiens,
647 2783 729 2845 quae
752 2762 931 2845 audieram,
957 2761 1068 2842 detuli,
1086 2777 1122 2828 33

58 2875 131 2920 eum
160 2852 300 2919 ludibrio
327 2850 529 2917 credulitatis
556 2851 704 2935 repulsus
733 2872 814 2916 sum.
859 2848 894 2915 Si
921 2854 966 2930 et,
995 2872 1068 2916 cnm

57 2942 251 3024 indicamus,
282 2940 378 3006 invisi
407 2945 453 3019 33,
484 2960 558 3005 cum
584 2944 744 3023 tacemus,
775 2938 916 3023 suspecti
948 2961 1069 3022 snmus,

45 3030 137 3117 'quid
165 3030 271 3096 facere
301 3051 361 3095 nos
388 3027 554 3113 oportet‘?'
604 3025 748 3112 Cumque
776 3048 858 3093 unus
891 3049 908 3092 e
936 3028 1069 3094 circnm-
1086 3043 1122 3095 33

59 3119 218 3187 stantium
247 3118 345 3183 turba
372 3117 596 3200 exclamasset,
623 3115 721 3181 ‘Bene
748 3115 872 3181 meritis
899 3137 965 3182 non
992 3116 1069 3182 insi·

59 3206 169 3274 diarit'
214 3207 376 3291 Philotas,
404 3203 541 3288 ‘Recte',
567 3205 685 3289 inquit,
713 3203 869 3289 ‘quisquis
897 3226 946 3289 es,
979 3205 1068 3270 dicis.

57 3297 173 3382 Itaque
204 3295 233 3362 si
263 3295 432 3361 insidiatus
465 3316 552 3378 sum,
583 3315 721 3378 poenam
752 3315 819 3359 non
850 3294 1004 3378 deprecor
1035 3297 1069 3358 et
1086 3308 1120 3358 37
1165 3367 1166 3372 1

57 3386 156 3450 finem
173 3384 259 3451 facio
278 3383 418 3467 dicendi,
438 3383 590 3468 quoniam
608 3382 724 3447 ultima
741 3383 841 3448 verba
859 3382 972 3467 gravia
992 3384 1069 3446 sunt

56 3475 128 3540 visa
159 3471 313 3539 auribus’.
361 3471 542 3537 Abducitur
572 3470 685 3537 deinde
716 3471 758 3537 ab
790 3471 844 3555 iis,
877 3472 932 3554 qui
961 3473 1068 3535 custo·

58 3562 191 3627 diebant
212 3582 291 3626 eum.
