2356 3846
485 207 700 270 „13-

79 367 327 450 solitudinibus,
347 387 445 450 quam
466 366 694 431 intermediam
713 367 853 432 seientes
873 367 914 432 ad
936 367 1102 452 perficien-

79 456 159 521 dam
186 477 264 522 suae
290 454 478 520 traditionis
506 455 675 539 perfidiam
698 458 959 542 praeelegeram,
988 457 1101 541 rapido

79 549 182 621 ventu
208 544 345 629 provehi
373 548 557 629 coegerunt
599 543 745 630 Cumque
768 546 809 611 ad
831 547 939 631 ipsam
961 546 1102 611 insulam

81 637 281 700 mercatores
309 633 469 718 praedicti
497 655 571 699 cum
599 635 666 700 suis
696 636 834 701 navibus
867 636 1103 719 pervenissent,

54 723 230 809 calligatis
244 723 382 788 navibus
397 745 431 788 se
444 728 639 789 nocturnam
657 724 802 808 requiem
821 724 944 789 ibidem
960 725 1102 809 recipere

82 813 167 878 velle
191 812 415 877 confinxenmt
439 815 471 876 et
494 817 647 878 exeuntes
670 813 709 878 de
733 814 871 879 navibus
898 814 1020 879 cibaria
1044 835 1104 879 sua

82 923 143 987 pro
168 923 247 966 cena
274 902 310 966 in
338 902 445 985 ipsam
472 902 615 967 insulam
642 924 837 986 praeparare
860 902 1016 969 fecerunt.
1060 902 1105 967 Flt

84 1012 164 1056 cena
199 991 289 1055 facta
320 991 490 1076 noctisque
526 992 672 1057 tenebris
710 992 793 1056 lucis
825 991 888 1057 diei
920 993 1103 1056 claritatem

84 1079 357 1146 obumbrantibus
385 1083 584 1147 mercatores
616 1081 751 1164 pessimi
782 1081 998 1147 nobilissimis
1031 1102 1104 1146 con·

46 1186 71 1227 ιο
83 1168 215 1254 iugibus
241 1169 418 1235 tentorium
442 1169 564 1254 fingere
588 1174 622 1235 et
649 1170 683 1234 in
707 1191 745 1235 eo
773 1170 957 1235 thalamum
981 1171 1017 1234 in
1040 1190 1103 1254 quo

82 1259 191 1325 noctis
217 1257 364 1343 requiem
390 1278 546 1343 peragere
579 1259 734 1325 deberent
764 1259 837 1324 fieri
864 1258 981 1324 callide
1013 1281 1104 1323 man-

84 1348 253 1413 daverunt.

173 1434 276 1501 Facta
294 1439 403 1501 autem
420 1440 516 1502 nocte
535 1436 613 1502 dicti
632 1437 786 1523 coniuges
806 1459 840 1502 se
863 1437 903 1502 ad
922 1437 1104 1502 thalamum
1114 1432 1158 1499 20

84 1524 193 1610 ipsum
225 1525 267 1590 iis
299 1547 365 1591 non
397 1525 438 1590 ad
469 1526 615 1610 requiem
648 1527 704 1592 sed
735 1527 776 1591 ad
806 1526 998 1610 perditionis
1028 1548 1106 1591 suae

44 1631 70 1673 1⁵
86 1614 208 1680 dudum
234 1614 482 1698 praeordinatae
514 1615 685 1681 interitum
717 1619 869 1700 paratum
901 1616 1107 1680 intraverunt

86 1707 120 1769 et
147 1704 183 1768 in
210 1703 284 1787 ipso
313 1704 419 1768 omnis
446 1704 571 1769 fraudis
600 1709 633 1769 et
661 1704 826 1788 nequitiae
855 1725 937 1787 quae
961 1705 1105 1787 deipsis

84 1793 290 1858 tractabatur
317 1792 411 1857 inscii
438 1797 544 1859 totam
571 1797 701 1858 noctem
728 1793 763 1856 in
787 1792 919 1858 solaciis
943 1793 1050 1858 solitis
1075 1795 1108 1857 et

85 1881 197 1967 requie
221 1881 450 1966 expenderunt.
484 1881 613 1947 Aurora
632 1886 742 1948 autem
761 1886 870 1947 ortum
890 1881 954 1946 diei
974 1902 1107 1967 sequen-

86 1971 129 2035 tis
153 1970 317 2035 indicante
340 1973 537 2036 mercatores
560 1971 719 2054 praedicti
737 1973 860 2036 secrete
879 1974 1049 2056 surgentes
1074 1975 1108 2035 et

42 2059 270 2143 recogitatum
294 2082 389 2124 suum
412 2060 595 2144 malignum
619 2060 659 2124 ad
683 2060 832 2125 effectum
858 2060 1033 2143 perducere
1057 2080 1107 2124 sa·

86 2151 239 2233 tegentes
263 2170 362 2213 naves
384 2150 546 2214 intrantes
571 2148 714 2214 dimissis
737 2151 814 2233 post
838 2171 873 2213 se
891 2148 1107 2214 nobilissimis

87 2236 280 2320 coniugibus
313 2236 417 2301 adhuc
448 2259 565 2322 sopore
595 2238 756 2321 depressis
787 2237 905 2302 abinde
931 2237 1045 2301 furtim
1076 2240 1109 2301 et

87 2326 239 2392 celeriter
263 2326 420 2410 navigare
448 2330 624 2410 coeperunt
651 2326 777 2391 familia
799 2327 998 2410 interempta
1020 2326 1107 2411 cogi·

86 2418 197 2480 tentes
230 2415 277 2484 sie
310 2416 410 2479 etiam
437 2415 627 2481 innocentes
661 2416 794 2498 perdere
828 2416 995 2500 coniuges,
1028 2437 1108 2498 quos

47 2521 75 2562 ae
89 2504 167 2569 deus
191 2503 479 2587 praeordinaverat
502 2505 542 2568 ad
565 2504 778 2569 obtinendum
797 2507 831 2568 et
847 2503 1025 2588 regendum
1047 2526 1108 2586 pro

87 2593 202 2658 futura
235 2592 389 2658 eeclesiae
422 2614 561 2676 sponsae
594 2615 670 2658 suae
704 2593 808 2658 salute
844 2592 947 2658 totius
979 2593 1108 2676 imperii

88 2681 318 2767 principatum.

179 2769 277 2835 Mane
297 2774 407 2838 autem
425 2771 513 2835 facto
532 2771 687 2854 coniuges
705 2771 771 2855 ipsi
787 2771 980 2856 evigilantes
1000 2769 1108 2852 eoepit
1119 2766 1160 2830 21

89 2881 211 2944 sponsa
229 2860 334 2924 dicere
354 2881 474 2944 sponso
494 2882 567 2925 suo:
586 2859 768 2945 ‘surgamus
786 2883 827 2924 ne
847 2861 874 2924 si
894 2859 978 2924 forte
998 2881 1108 2942 super-

47 2967 75 3008 eo
90 2948 224 3014 veniant
256 2953 452 3014 mercatores
484 2949 635 3034 magistri
661 2948 767 3015 nostri
795 2952 828 3014 et
854 2949 1022 3014 inveniant
1049 2969 1109 3012 nos

90 3038 210 3121 nudos,
231 3059 270 3102 cx
288 3058 351 3120 quo
371 3037 596 3103 verecundiam
614 3039 807 3123 recipiemus
827 3059 910 3122 quae
929 3059 994 3102 non
1012 3037 1110 3102 licet'.

92 3127 146 3192 Ad
165 3147 248 3211 quae
267 3124 502 3192 Constantinus
521 3128 719 3211 respondens
735 3128 794 3193 eit:
816 3126 1031 3192 ‘Permittetis
1050 3148 1110 3191 nos

92 3216 273 3302 quiescere3
296 3216 361 3300 ipsi
385 3217 470 3280 enim
494 3238 551 3300 per
575 3217 735 3282 familiam
761 3217 952 3301 deputatam
974 3238 1034 3281 nos
1058 3237 1110 3279 ex-

167 3433 200 3481 11
225 3426 361 3482 deberent
382 3428 495 3497 scripsi,
522 3425 677 3481 debuerant
700 3428 777 3482 codd.
864 3433 898 3481 26
927 3424 1046 3480 ecclesie
1071 3426 1111 3492 D,

92 3497 217 3555 ecclesia
235 3498 271 3552 F.
