2370 3834
217 168 473 226 HISTORIARUM
489 169 707 226 ALEXANDRI
725 169 799 240 VIII,
819 179 843 225 9.
864 176 905 225 10.
998 170 1063 235 211

53 314 169 398 Itaque
191 318 229 379 nt
250 315 412 398 principio
440 318 596 379 terrorem
623 315 782 380 incuteret
810 315 899 400 genti
922 314 1100 380 nondumt

55 424 147 468 arma
168 401 381 468 Macedonum
405 407 568 486 expertae,
592 402 764 486 praecipit,
785 423 826 466 ne
849 403 899 467 cui
922 424 1066 486 parcere-

54 496 119 576 tur,
137 491 343 556 munimentis
362 492 463 574 urbis,
482 513 579 574 quam
598 489 777 574 obsidebat,
795 491 940 556 incensis.
977 490 1066 557 Oete·
1085 507 1101 554 6

54 601 141 662 rum,
167 579 243 663 dum
271 580 440 664 obequitat
467 579 650 662 moenibus,
682 578 803 663 sagitta
829 580 920 645 ictus.
971 577 1066 664 Cepit

54 671 165 732 tamen
180 666 333 751 oppidum
348 673 381 732 et
395 668 545 733 omnibus
563 667 678 733 ineolis
697 667 765 731 eius
784 668 952 733 trucidatis
968 669 1067 734 etiam

55 757 91 820 in
113 758 200 820 tecta
223 756 383 821 saevitum
407 761 464 822 est.

10 845 46 909 35
144 841 221 907 Inde
243 844 367 909 domita
385 844 522 928 ignobili
545 847 642 929 gente
666 843 706 907 ad
724 843 847 926 Nysam
866 845 979 908 urbem
997 867 1067 929 per·
1086 861 1101 909 r

56 932 155 997 venit.
194 929 293 996 Forte
317 933 433 997 castris
454 936 529 1002 ante
548 934 619 1015 ipsa
636 932 764 996 moenia
781 931 816 996 in
835 932 976 996 silvestri
994 933 1066 999 loco

54 1020 174 1104 positis
192 1022 387 1087 nocturnum
409 1020 514 1106 frigus
537 1020 759 1085 vehementius
778 1041 875 1104 quam
894 1020 975 1085 alias
993 1021 1067 1086 hor·

55 1128 130 1173 rore
157 1128 293 1191 corpora
320 1107 440 1174 adfecit
467 1111 745 1192 opportunumque
778 1108 953 1172 remedium
981 1110 1067 1194 ignis

55 1195 203 1261 oblatum
235 1200 299 1261 est:
337 1197 439 1262 eaesis
477 1199 595 1282 quippe
632 1197 723 1262 silvis
754 1196 919 1261 flammam
952 1198 1103 1263 excita-e

55 1287 179 1349 verunt.
224 1283 314 1361 Quae
335 1285 433 1370 lignis
456 1285 537 1350 alita
559 1285 795 1369 oppidanorum
822 1285 969 1369 sepulcra
995 1306 1068 1350 con·

54 1371 235 1458 prehendit.
285 1372 426 1438 Vetusta
457 1373 551 1438 cedro
582 1378 674 1438 erant
700 1373 788 1438 facta
815 1378 1068 1458 conceptumque

56 1462 169 1545 ignem
187 1462 254 1526 late
271 1460 393 1544 fudere,
412 1461 514 1526 donec
532 1461 640 1525 omnia
658 1461 729 1526 solo
749 1465 886 1546 aequata
905 1467 989 1527 sunt.
1024 1462 1070 1528 Et
1088 1481 1103 1530 9

55 1571 97 1614 ex
118 1547 198 1613 urbe
221 1551 361 1632 primurn
385 1570 500 1614 eanum
523 1549 676 1632 latratus,
702 1548 816 1613 deinde
843 1551 942 1615 etiam
966 1551 1069 1616 homi·

54 1657 135 1702 num
158 1637 305 1702 fremitus
329 1638 457 1703 auditus
485 1641 543 1702 est.
592 1636 683 1701 Tune
706 1639 738 1700 et
760 1637 913 1721 oppidani
941 1639 1069 1704 hostem

56 1728 93 1789 et
103 1723 294 1790 Macedones
314 1725 354 1790 ad
373 1726 487 1790 urbem
500 1726 590 1808 ipsos
608 1724 734 1789 venisse
750 1729 958 1810 cognoscunt.
985 1725 1068 1792 Iam·
1089 1747 1122 1797 ιο

57 1832 121 1896 que
151 1834 219 1880 rex¹
241 1813 395 1878 eduxerat
425 1815 536 1897 copias
569 1816 602 1877 et
627 1814 754 1877 moenia
782 1813 964 1896 obsidebat,
997 1836 1069 1880 cum

55 1899 211 1984 hostium,
230 1902 284 1985 qui
304 1896 477 1966 discrimen
494 1903 743 1984 temptaverant,
762 1901 872 1966 obruti
891 1901 966 1966 telis
986 1907 1069 1968 sunt.

56 1987 142 2053 Aliis
161 2008 240 2072 ergo
259 1989 464 2073 deditionem,
488 1990 562 2053 aliis
584 2008 728 2073 pugnarn
750 1988 888 2071 experiri
910 1989 1070 2076 placebat,

56 2097 193 2160 quornm
216 2077 419 2143 dubitatione
442 2081 597 2161 conperta
620 2076 839 2140 circumsideri
861 2081 989 2142 tanturn
1014 2100 1069 2142 eos

56 2168 91 2229 et
104 2165 261 2230 abstineri
276 2165 426 2230 caedibus
440 2166 547 2230 iussit:
565 2164 760 2248 tandemque
779 2165 958 2231 obsidionis
973 2167 1069 2231 malis

55 2253 188 2338 fatigati
210 2253 358 2317 dedidere
381 2273 424 2318 se.
469 2251 499 2316 A
523 2251 639 2317 Libero
658 2252 755 2317 Patre
781 2253 927 2319 conditos
946 2277 980 2317 se
1000 2276 1069 2320 esse
1090 2276 1121 2324 11

57 2341 207 2406 dibebant
225 2345 259 2406 et
281 2362 358 2405 vcra
381 2341 462 2405 haec
480 2342 571 2425 origo
595 2343 673 2405 erat.
719 2339 789 2406 Sita
808 2345 858 2405 cst
876 2342 936 2405 sub
956 2343 1070 2408 radici·
1089 2365 1121 2414 ra

55 2429 118 2493 bus
150 2429 288 2512 montis,
325 2450 420 2513 quern
456 2427 570 2494 Meron
605 2429 730 2493 incolae
763 2429 938 2513 appellant.
991 2430 1069 2511 Inde
1157 2444 1162 2451 '

56 2515 172 2582 Graeci
192 2516 368 2582 mentiendi
386 2521 513 2581 traxere
531 2516 712 2595 licentiam,
734 2515 821 2581 Iovis
840 2517 960 2581 femine
978 2517 1070 2583 Libe-

10 2609 129 2672 thrum
156 2605 287 2670 Patrem
315 2626 385 2669 esse
412 2604 560 2669 celatum.
605 2603 675 2668 Rex
703 2604 768 2668 situ
791 2606 1122 2690 montiscognito13

56 2715 97 2758 ex
119 2693 232 2758 incolis
256 2715 329 2759 curn
356 2697 428 2757 toto
452 2691 593 2756 exercitu
620 2692 806 2775 praemissis
835 2695 1069 2759 commeatibus

56 2782 211 2846 verticem
243 2782 312 2847 cius
345 2779 500 2846 aseendit.
548 2778 654 2844 Multa
680 2779 800 2844 hedera
828 2780 967 2865 vitisque
997 2785 1068 2847 toto

57 2869 204 2954 gignitur
218 2873 338 2953 monte,
356 2869 479 2934 multae
494 2888 649 2951 perennes
664 2889 765 2952 aquae
781 2871 923 2933 manant.
955 2868 1068 2936 Pomo·
1089 2893 1122 2942 14

56 2979 129 3022 rum
154 2979 278 3043 quoque
310 2958 395 3022 varii
427 2956 637 3041 salubresque
669 2956 737 3021 suci
765 2961 840 3022 sunt
869 2978 927 3021 sua
954 2963 1069 3040 sponte

55 3045 265 3117 fortuitorum
298 3045 458 3110 seminum
491 3044 601 3128 fruges
629 3043 728 3110 humo
755 3046 926 3109 nutriente.
971 3045 1070 3112 Lauri

55 3133 265 3219 baccarisque
294 3138 327 3200 et
352 3134 459 3199 inulae
485 3134 589 3198 multa
615 3133 650 3197 in
677 3132 744 3197 illis
771 3133 905 3217 rupibus
929 3136 1068 3218 agrestis

57 3226 107 3287 est
134 3223 227 3291 silva.
270 3221 372 3288 Oredo
401 3220 549 3307 equidem
576 3242 642 3286 non
670 3221 779 3286 divino
809 3221 980 3306 instinctu,
1012 3225 1121 3297 sed15

56 3311 191 3377 lascivia
219 3331 288 3376 esse
314 3315 498 3395 provectos,
525 3312 562 3374 ut
588 3311 710 3393 passim
733 3309 869 3376 hederae
894 3332 930 3375 ac
952 3312 1068 3376 vitium

56 3398 138 3464 folia
162 3399 368 3483 decerperent
390 3397 593 3483 redimitique
610 3398 725 3463 fronde
742 3401 814 3465 toto
833 3420 962 3465 nemore
981 3400 1068 3464 simi-

55 3487 105 3552 les
124 3487 357 3553 bacchantibus
376 3490 581 3571 vagarentur.
613 3484 757 3552 Vocibus
776 3509 857 3571 erqo
873 3491 932 3550 tot
943 3488 1085 3548 metm
1098 3511 1136 3550 xx

52 3575 234 3659 praesidem
252 3575 395 3642 nemoris
415 3575 486 3643 eius
505 3574 608 3642 deum
631 3574 855 3644 adorantium
869 3575 962 3649 ἂψ
975 3564 1114 3625 monte
1169 3630 1173 3639 .

896 3666 958 3722 aa*
