2356 3846
502 186 699 250 -3..

94 345 246 430 petistis'.
274 345 391 409 Altera
405 348 512 410 autem
528 344 579 408 dic
593 344 761 409 universos
776 342 826 408 sui
839 343 970 427 imperii
984 344 1116 409 nobiles

95 438 128 498 et
140 434 298 518 primatos
313 434 490 518 imperator
503 455 563 516 per
575 434 708 498 nuntios
724 455 800 498 suos
814 436 846 497 et
860 432 991 498 litteras
1006 433 1118 499 vocari

93 523 173 588 fecit
196 523 236 587 ad
260 526 382 587 certam
406 527 563 588 statutam
591 522 677 587 diem
701 521 742 586 ad
760 522 922 606 agendum
942 521 1116 587 sollemnia

94 612 291 695 nuptiarum.

47 697 87 760 ll
188 698 252 765 Die
270 722 347 765 vero
368 703 492 766 statuta
511 700 699 766 adveniente
718 721 755 764 ac
771 699 931 765 universis
948 699 1141 766 nobilibus⁶

96 793 134 854 ut
170 790 392 874 praemittitur
431 789 637 875 congregatis
669 789 847 873 imperator
883 788 989 854 filiam
1025 811 1118 854 suam

96 879 226 943 unicam
255 879 402 963 praefato
427 877 641 944 Constantino
669 878 704 942 in
730 877 813 944 facie
837 877 982 943 omnium
1004 878 1117 942 matri·

99 967 287 1040 monialiter
314 971 347 1032 et
374 967 577 1033 sollemniter
605 967 770 1051 copulavit
793 970 840 1050 et,
869 970 906 1031 ut
933 966 1036 1032 moris
1062 972 1117 1052 est,

96 1057 201 1142 regali
221 1057 367 1122 thalamo
391 1059 586 1141 praeparato
606 1078 678 1120 eam
698 1056 763 1121 sibi
781 1055 927 1120 maritali
946 1055 1116 1120 affectione

96 1145 177 1210 inibi
206 1145 471 1229 pertractandam
503 1145 647 1210 sociavit.
699 1143 932 1210 Constantinus
965 1166 1046 1210 vero
1080 1146 1147 1210 deu

96 1234 159 1299 tali
182 1235 320 1319 coniuge
344 1238 377 1298 et
395 1234 485 1298 socia
507 1234 589 1298 bene
609 1237 781 1299 contentus
806 1255 878 1298 eam
901 1255 976 1298 cum
999 1233 1114 1319 gaudio

99 1324 277 1406 suscipiens
297 1323 416 1387 osculis
436 1327 469 1387 et
493 1322 695 1406 amplexibus
715 1344 752 1387 ac
771 1323 901 1407 ceteris,
924 1344 1009 1407 quae
1033 1323 1113 1387 inter

97 1412 181 1476 tales
201 1412 353 1496 coniuges
373 1411 505 1476 iuvenes
521 1415 553 1477 εὴ
571 1411 692 1476 hilares
712 1412 854 1476 exerceri
870 1415 1111 1494 consueverunt,

96 1500 180 1564 ludis
209 1504 241 1564 et
270 1500 399 1565 solaciis
426 1523 493 1566 non
525 1504 654 1565 tantum
686 1500 743 1565 illa
770 1500 826 1565 sed
858 1500 972 1565 multis
1000 1505 1112 1584 postea

94 1588 245 1654 noctibus
277 1593 446 1673 tamquam
478 1611 612 1654 uxorem
645 1589 860 1653 amicabiliter
891 1589 1142 1672 pertractante

94 1677 192 1742 Mane
215 1682 324 1742 autem
351 1678 438 1742 facto
465 1700 525 1743 nec
548 1699 622 1742 cum
648 1679 743 1762 plene
772 1699 889 1743 aurora
919 1681 1030 1743 ortum
1053 1677 1112 1742 diei

95 1766 310 1851 patefaceret,
338 1767 517 1851 imperator
545 1767 716 1832 associatis
744 1766 808 1831 sibi
840 1767 959 1851 puellis
987 1769 1022 1832 et
1049 1789 1112 1832 ma-

94 1856 199 1920 tronis
219 1855 333 1920 multis
354 1861 387 1920 et
405 1855 572 1920 nobilibus
597 1878 753 1940 sponsum
774 1857 882 1939 ipsum
906 1860 939 1921 et
962 1877 1112 1940 sponsam

96 1966 169 2009 cnm
199 1944 343 2028 cytharis
374 1948 407 2008 et
434 1945 566 2030 organis
595 1948 628 2008 et
656 1944 856 2009 diversorum
886 1965 1044 2029 generum
1067 1945 1112 2008 in-

96 2035 285 2099 strumentis
320 2033 532 2098 musicalibus
562 2037 596 2097 et
624 2053 745 2117 magno
774 2033 918 2116 tripudio
948 2037 986 2098 ut
1016 2033 1146 2098 morisco

97 2127 147 2188 est
174 2123 312 2187 visitans
340 2123 379 2187 de
407 2122 554 2187 thalamo
587 2121 708 2186 eduxit.
753 2121 802 2186 Ac
833 2122 1015 2206 imperator
1046 2123 1115 2207 ipse

95 2233 161 2276 una
180 2233 253 2275 cum
271 2212 477 2295 imperatrice
498 2215 531 2275 et
551 2210 709 2275 universis
728 2211 929 2294 principibus
947 2211 1115 2276 nobilibus

98 2300 165 2364 suis
189 2305 222 2364 et
245 2300 406 2364 militibus
431 2299 612 2364 observatis
636 2299 841 2376 caerimoniis
865 2300 1030 2364 consuetis
1054 2301 1116 2364 sol·

96 2388 302 2454 lemnitatem
320 2388 510 2472 nuptiarum
528 2388 561 2452 in
585 2388 741 2453 conviviis
767 2392 800 2452 et
823 2389 1117 2454 comessationibus

95 2477 249 2561 tripudiis
277 2481 310 2542 et
336 2476 522 2542 hastiludiis
551 2480 584 2541 et
616 2476 690 2541 aliis
718 2476 804 2541 ludis
835 2479 867 2540 et
898 2477 1031 2543 solaciis
1060 2479 1152 2543 im-ss

95 2567 251 2649 perialem
279 2566 486 2630 maiestatem
514 2564 763 2631 condecentibus
795 2567 899 2630 totam
927 2566 1014 2632 diem
1045 2589 1119 2633 cum

96 2654 342 2719 continuatione
360 2654 576 2736 plurimorum
591 2654 794 2738 sequentium
810 2654 935 2719 dierum
955 2655 1119 2722 deducens

98 2742 301 2807 sollemniter
318 2742 495 2807 honorifice
515 2746 548 2807 et
566 2743 774 2808 celeberrime
792 2744 907 2828 peragi
921 2746 1121 2828 procuravit.

45 2826 86 2889 12
185 2830 266 2895 Post
284 2829 366 2895 haec
388 2831 530 2914 peractis
554 2831 679 2896 duobus
698 2832 750 2897 vel
774 2832 879 2897 tribus
898 2834 1068 2917 mensibus
1088 2839 1121 2900 et

96 2919 130 2983 in
150 2919 280 2985 solaciis
303 2920 557 3004 congruentibus
577 2920 722 2986 deductis
742 2925 940 2986 mercatores
958 2923 1155 3006 praedictia

166 3117 182 3165 2
201 3127 252 3180 per
274 3111 409 3165 nunccios
433 3128 497 3166 suos
522 3113 552 3166 et
573 3111 684 3167 litteras
708 3113 753 3180 D,
778 3128 830 3182 per
848 3129 913 3167 suos
932 3111 1071 3168 nunccios
1090 3116 1121 3169 et

93 3181 205 3237 litteras
220 3181 256 3237 F.
321 3189 337 3236 3
351 3182 421 3237 fecit
434 3184 472 3251 D,
487 3183 564 3252 cepit
574 3182 609 3238 F.
673 3183 843 3254 sollempnia
854 3184 893 3252 D,
909 3183 1069 3253 solempnia
1081 3185 1116 3241 F.

95 3259 111 3309 8
131 3252 327 3323 sollempniter
340 3256 415 3310 codd.
492 3261 524 3309 13
543 3254 660 3308 iuvenes
675 3255 704 3309 et
717 3255 761 3322 D,
781 3257 810 3309 et
826 3271 877 3310 cm.
893 3255 928 3311 F.
1002 3255 1117 3323 hylares

95 3326 171 3381 codd.
264 3331 295 3379 16
320 3324 387 3378 dum
405 3327 496 3392 codd,
520 3340 583 3378 cum
607 3327 717 3381 conieci.
808 3333 842 3381 23
872 3324 1115 3395 sollempnitatem

89 3394 259 3467 nupciarum
282 3397 358 3452 codd.
432 3404 465 3452 27
491 3396 670 3464 sequencium
694 3398 771 3453 codd.
849 3396 991 3452 deducens
1013 3401 1116 3469 scripsi

72 3485 135 3538 pro
154 3471 280 3527 rodarum
299 3471 444 3543 scriptura
463 3467 646 3524 deducentes.
714 3473 752 3523 ‘rs
769 3467 963 3536 sollempniter
980 3469 1059 3524 codd.
