2356 3846
225 163 480 222 msroemssun
497 163 713 221 mammem
730 163 805 229 VIII,
825 171 866 220 11.
882 171 924 220 12.
1008 165 1073 233 21¹1

63 308 188 396 agmini
215 308 356 377 immixti
377 309 489 393 proeul
519 308 730 375 castellorum
754 309 898 377 fenerant
925 311 1074 394 speeiem.

62 398 112 462 Ae
126 397 232 483 primo
251 396 434 464 Alexander
448 417 514 462 non
528 397 661 477 socium,
678 397 736 464 sed
752 397 881 465 hostem
899 398 1073 464 adventare
1092 409 1110 459 e

63 485 215 573 credebat
235 484 365 571 iamque
388 485 515 568 etipse
537 506 628 551 arma
651 485 772 551 milites
796 507 910 570 capere
932 490 965 551 et
987 488 1074 572 equi·

63 577 115 640 tes
138 571 300 639 discedere
322 573 358 639 in
379 593 501 639 eornua
522 573 673 652 iusserat,
699 578 833 665 paratus
857 574 897 639 ad
920 594 1074 659 pugnam

62 660 110 727 At
130 657 230 729 Indus
250 662 385 745 cognito
407 659 622 729 Macedonum
644 682 753 728 errore
776 663 874 727 iussis
899 664 1075 730 subsistere

63 750 183 815 eeteria
204 748 276 834 ipse
294 749 436 815 eeneitat
454 770 580 834 equum,
598 771 662 835 quo
680 750 872 824 vehebatur:
894 749 982 816 idem
1001 751 1075 817 Ale

62 837 186 905 rander
203 858 330 921 queque
347 837 435 923 feeit,
452 839 520 903 sive
538 837 644 903 hostis
662 838 730 903 sive
748 839 871 905 amicus
885 845 1075 922 occurreret,

63 925 117 991 vel
145 947 205 995 aaa
227 925 348 991 virtute
370 925 423 992 vel
444 925 534 992 illius
556 925 619 991 fide
641 929 741 992 tutus.
782 925 904 1012 Ooiere,
927 928 1013 1012 quod
1036 950 1075 992 ex
1094 938 1112 987 9

63 1014 232 1098 utriusque
246 1013 339 1078 vultu
352 1017 464 1098 posset
481 1013 639 1101 intellegi,
652 1015 765 1080 amieis
780 1015 914 1081 animis:
933 1020 1076 1082 aeterum

64 1101 135 1166 sine
165 1100 344 1184 interprete
362 1122 441 1167 vnou
472 1105 603 1186 poterat
633 1103 760 1168 conseri
790 1125 906 1168 sermo.
959 1102 1075 1188 Itaque

64 1189 213 1255 adhibito
236 1210 274 1255 eo
297 1189 456 1255 barbarus
479 1190 656 1256 occurrisse
680 1212 714 1255 se
737 1190 820 1255 dixit
842 1212 915 1255 eum
933 1193 1076 1257 exercitu

63 1282 153 1345 totas
176 1276 304 1361 imperii
321 1277 406 1343 vires
425 1279 574 1361 pretium
591 1277 787 1344 traditurum
804 1300 863 1344 nec
882 1283 1076 1363 expectasse,

62 1364 142 1430 dum
154 1386 211 1449 per
223 1365 356 1432 nuntios
369 1365 501 1431 daretur
514 1366 603 1432 fides.
639 1363 764 1450 Corpus
784 1388 878 1433 suum
892 1372 925 1432 et
939 1387 1075 1452 regnum
1096 1377 1130 1426 ιο

63 1455 255 1538 permittere
281 1453 347 1536 illi,
374 1475 469 1538 quern
496 1454 593 1520 sciret
619 1455 744 1539 gloriae
770 1455 968 1521 militantem
992 1455 1076 1521 nihil
1113 1497 1117 1503 >

15 1542 172 1627 43magis
193 1563 292 1626 quam
313 1541 435 1609 famam
457 1542 572 1608 timere
593 1542 756 1627 perfidiae.
804 1541 924 1610 Laetus
952 1544 1076 1628 simpli·

64 1631 165 1696 eitate
183 1629 316 1695 barbari
334 1651 391 1695 rex
408 1633 442 1696 et
460 1630 634 1713 dexteram,
652 1629 727 1695 fidei
745 1650 823 1695 auae
840 1631 969 1716 pignus,
987 1631 1077 1697 dedit

63 1720 99 1784 et
115 1736 253 1802 regnum
271 1716 423 1783 restituit
463 1735 523 1783 tvl
541 1717 707 1801 elephanti
726 1722 827 1803 erant,
844 1740 925 1802 quoe
942 1718 1077 1785 tradidit
1097 1729 1129 1778 11

62 1805 259 1890 Alexandro,
276 1806 441 1891 multaque
458 1825 576 1889 peeora
593 1806 729 1872 eximiae
742 1806 989 1893 magnitudinis,
1006 1812 1076 1872 tau·
1093 1855 1096 1862 ι

62 1915 124 1961 ros
140 1893 183 1958 ad
200 1911 240 1959 111
257 1893 360 1977 milia,
381 1894 562 1978 pretiosum
584 1892 620 1958 in
637 1914 676 1959 ea
692 1895 827 1978 regione
846 1899 1076 1980 receptumque

63 1981 183 2049 animia
209 1982 414 2068 regnantium
442 1985 633 2047 armentum.
678 1981 853 2059 Quaerenti
879 1983 1129 2066 Alexandrum

61 2071 174 2157 plures
205 2070 416 2154 agrieulteres
445 2069 581 2135 haberet
608 2091 650 2135 an
677 2070 815 2154 milites,
845 2092 919 2137 eum
951 2070 1075 2137 duobus

62 2157 197 2244 regibus
219 2158 356 2224 bellanti
378 2158 442 2222 sibi
464 2157 588 2223 maiore
614 2159 756 2224 rnilitum
779 2181 877 2244 quam
900 2160 1077 2244 agrestium

62 2268 166 2314 manu
189 2266 270 2330 opus
293 2266 364 2311 esee
386 2245 561 2331 respondit
605 2245 760 2312 Abisares
788 2251 821 2312 et
842 2247 945 2314 Porus
974 2252 1129 2332 orantia

64 2335 123 2401 sed
144 2335 180 2400 in
205 2331 291 2401 Pero
315 2333 480 2401 eminebat
501 2334 689 2399 auotoritas.
734 2333 876 2418 Uterque
898 2335 986 2401 ultra
1007 2334 1076 2419 Hy·

64 2423 190 2507 daspen
216 2443 344 2489 amnem
370 2421 530 2507 regnabat
556 2425 590 2487 et
615 2422 694 2487 belli
720 2422 898 2506 fortunam,
930 2423 1076 2508 quisquis

64 2530 159 2578 arma
171 2509 317 2595 inferret,
333 2509 473 2594 experiri
487 2508 681 2576 deereverat
717 2506 853 2593 Omphis
866 2510 1076 2593 permittente
1097 2520 1131 2568 14

64 2597 252 2666 Alexandro
280 2601 314 2663 et
339 2596 466 2682 regium
488 2597 617 2683 insigne
639 2596 782 2679 sumpsit
804 2599 837 2663 et
857 2617 948 2662 more
971 2598 1076 2679 gentis

64 2707 145 2755 suae
170 2706 303 2770 nomen,
325 2685 412 2770 quod
438 2685 542 2769 patris
564 2685 683 2751 fuerat:
712 2683 847 2749 Taxilen
874 2683 1078 2767 appellavere

64 2774 240 2860 populares
262 2777 416 2859 aequente
434 2773 567 2840 nomine
589 2773 770 2856 imperium,
791 2771 828 2837 in
845 2792 1077 2857 quemeumque

64 2863 230 2948 transiret.
268 2861 375 2947 Igitur
389 2882 462 2929 eum
479 2860 700 2945 pertriduum
717 2859 923 2943 hospitaliter
939 2859 1077 2926 Alexan·
1098 2870 1132 2922 rt

65 2950 161 3017 drnm
192 2951 393 3035 aeeepisset,
419 2956 536 3034 quarte
572 2948 623 3014 die
655 2951 704 3033 et,
735 2953 893 3033 quantum
924 2947 1081 3015 frumenti

66 3039 281 3197 ildi'rffl
294 3032 682 3208 ῗξέἲέῗέῗὲἶέἕῗὲἒ
699 3035 1080 3209 Ρέἔὲῖἒὲξὲἒᾝὲῗὲἓ,

64 3218 204 3302 praeter·
218 3213 300 3281 haee
319 3213 445 3300 signati
467 3236 502 3279 ar
525 3213 593 3279 enti
609 3229 708 3279 ιω
726 3212 854 3279 talenta
874 3211 960 3280 dono
984 3213 1079 3279 dedit

66 3302 363 3389 Qaabenignitate
391 3302 460 3369 eius
527 3301 665 3367 exander
692 3299 773 3365 mire
796 3301 901 3367 laetus
923 3305 969 3385 et,
996 3321 1078 3385 quae
1099 3309 1132 3359 16

65 3392 96 3459 is
119 3389 265 3471 dederat,
290 3391 418 3458 remisit
434 3393 475 3464 ‚et
495 3389 584 3455 mille
607 3389 733 3455 talenta
756 3409 795 3454 ex
820 3388 954 3473 praeda,
982 3409 1078 3473 quem

65 3479 220 3564 vehebat,
247 3478 368 3560 adieait
392 3478 561 3561 multaque
588 3475 769 3545 eenvivalia
795 3497 835 3543 er
862 3498 940 3542 auro
969 3481 1004 3540 et
1029 3498 1079 3539 er-

63 3571 168 3651 gente
191 3586 281 3650 rasa,
307 3566 487 3651 plurimum
507 3565 666 3634 Persieae
684 3564 815 3647 restis,
829 3579 918 3627 m
935 3575 1048 3634 suune
1065 3573 1118 3609 ἢ*
