2356 3846
117 137 165 212 ’26
496 144 527 211 Q.
547 145 658 202 CURTI
675 145 762 201 RUFI

122 292 213 375 lavit,
244 295 282 356 ut
308 311 467 356 summam
490 291 671 356 adhibuerit
694 312 817 374 curam,
848 312 888 355 na
912 290 985 374 quis
1008 290 1132 374 captiva

123 380 249 464 corpori
271 379 445 443 inluderet:
474 400 602 444 omnem
624 380 748 444 cultum
768 378 859 444 reddi
880 378 1010 443 feminis
1032 378 1132 461 iussit,

71 487 104 537 aa
122 489 182 533 nec
210 468 381 552 quicquam
407 487 447 531 ex
472 468 628 551 pristinae
650 467 799 532 fortunae
822 466 1064 551 magnificantia
1085 486 1133 530 ca·

71 577 105 625 24
123 556 221 640 ptivis
239 559 365 639 praeter
382 555 531 621 fiduciam
550 555 660 621 defuit.
686 554 800 641 Itaque
814 553 1016 640 Sisigambis,
1034 553 1133 632 ‘liert

122 644 238 728 inquit,
261 643 413 726 ‘meraris
434 647 473 708 ut
488 665 526 707 ea
538 664 705 727 precemur
717 644 786 728 tibi,
805 664 886 727 quaa
900 642 1008 708 Dareo
1021 646 1133 707 nostro

124 730 286 815 quondam
312 735 461 816 precatae
484 752 608 814 sumus,
638 752 697 796 nec
719 731 840 796 invidia
861 730 978 815 dignus
1002 750 1051 814 es,
1080 729 1134 814 qui

123 823 252 884 tanturn
280 839 389 904 regem
411 840 479 885 non
500 820 654 884 felicitate
677 820 795 902 solum,
824 818 880 883 sed
907 818 1005 883 etiam
1028 818 1134 903 aequi·

71 925 105 975 25
123 910 191 971 tata
215 908 424 992 superaveris.
475 906 526 972 Tu
549 907 677 992 quidam
699 911 837 971 matrem
859 929 910 970 me
933 909 967 970 et
988 906 1135 992 reginam

123 1017 232 1079 vocas,
264 995 320 1060 sed
343 1015 403 1080 ego
426 1016 478 1059 me
500 998 590 1059 tuam
612 995 767 1060 famulam
790 1015 860 1059 esse
876 994 1050 1060 confiteor.
1091 992 1135 1059 Et

123 1084 316 1168 praeteritae
332 1083 483 1147 fortunae
499 1082 665 1167 fastigium
678 1084 770 1166 capio
784 1087 818 1146 at
830 1082 1009 1166 praesentis
1023 1083 1136 1168 iugum

123 1172 193 1256 pati
215 1186 361 1255 possum:
383 1175 440 1234 tua
462 1171 606 1253 interest,
628 1174 784 1254 quantum
807 1171 842 1233 in
863 1192 925 1236 nos
946 1171 1086 1253 licuerit,
1108 1170 1135 1235 si

123 1258 156 1323 id
183 1259 291 1343 potius
318 1259 488 1323 clementia
515 1280 611 1341 quam
639 1259 773 1322 scentia
795 1259 844 1323 vis
866 1279 936 1323 esse
957 1256 1135 1323 testatum'

70 1365 105 1415 26
123 1346 193 1411 Rex
219 1347 342 1411 bonum
369 1346 512 1410 animum
538 1345 657 1410 habere
685 1367 739 1410 eas
765 1346 868 1411 iussit.
911 1345 1011 1411 Darei
1032 1346 1135 1413 filium

122 1435 206 1498 collo
243 1455 301 1499 suo
338 1433 496 1497 admovit:
532 1437 629 1517 atquc
662 1433 745 1498 nihil
775 1434 830 1498 ille
861 1437 1035 1518 conspectu
1065 1437 1135 1499 tum

121 1522 262 1605 primum
289 1542 310 1584 a
338 1542 372 1585 se
398 1521 460 1585 visi
487 1523 679 1586 conterritus
706 1522 862 1586 cervicem
890 1522 958 1587 eius
985 1522 1135 1587 manibus

122 1609 334 1693 amplectitur.
387 1607 496 1674 Motus
528 1630 562 1673 er
585 1631 606 1674 o
636 1630 693 1674 rex
729 1610 912 1674 constantia
946 1611 1040 1693 pueri
1070 1608 1136 1675 Ha·

121 1697 344 1781 phaestionam
373 1697 517 1781 intuens,
549 1630 665 1773 ‘guam
687 1696 823 1779 vellem',
851 1697 971 1782 inqiut,
999 1695 1136 1763 ‘Dareus

122 1785 243 1869 aliquid
274 1806 313 1850 cx
343 1784 405 1849 hac
436 1785 544 1850 indole
575 1783 769 1850 hausissetl'
814 1784 896 1849 Tum
925 1787 1135 1852 tabernaculo

123 1893 281 1958 egressus.

69 1975 104 2026 2⁷
211 1960 328 2025 Tribus
352 1960 416 2025 aris
438 1961 474 2024 in
495 1960 567 2043 ripa
587 1958 698 2024 Pinari
720 1959 824 2024 amnis
847 1959 916 2025 Iovi
938 1965 1035 2046 atque
1054 1958 1176 2027 Her-33

123 2048 187 2113 culi
209 2047 437 2132 Minervmue
460 2048 594 2112 sacratis
609 2045 734 2130 Syriam
756 2049 839 2131 petit
851 2047 1058 2134 Damascum,
1079 2049 1135 2116 ubi

127 2136 212 2220 ragis
236 2155 316 2220 gaza
338 2140 421 2218 erat,
442 2134 655 2201 Parmenione
676 2137 863 2220 praemisso.

534 2292 613 2359 Car.
634 2292 724 2359 XIII.

88 2415 101 2464 1
210 2397 273 2474 Qui
300 2420 373 2464 cum
394 2399 604 2482 processisset
630 2402 663 2462 et
684 2397 782 2463 Darei
809 2403 972 2484 satrapam
1000 2400 1136 2483 opperiri

121 2505 154 2551 ac
181 2487 393 2570 conperisset,
424 2487 560 2569 veritus,
596 2507 637 2550 ne
668 2488 814 2570 paucitas
846 2510 978 2552 suorum
1006 2509 1135 2573 sperne·

86 2578 224 2657 aretur,
255 2595 416 2639 accersere
447 2574 602 2639 maiorem
632 2596 765 2639 manum
794 2577 917 2640 statuit.
962 2574 1025 2641 Sed
1051 2576 1135 2642 forte

122 2662 157 2725 in
179 2663 398 2745 exploratores
421 2662 462 2726 ab
485 2683 523 2727 eo
545 2664 740 2746 praemissos
761 2663 874 2728 incidit
895 2664 1028 2730 natione
1050 2663 1135 2730 Mar-

122 2750 192 2832 dus,
215 2750 271 2834 qui
293 2751 334 2815 ad
355 2749 571 2815 Parmeniona
584 2751 765 2834 perductus
788 2751 913 2815 litteras
936 2752 977 2815 ad
994 2752 1134 2817 Alexan·
1169 2821 1171 2824 ,

122 2837 215 2900 drum
242 2859 263 2901 a
288 2838 451 2921 praefecto
474 2837 625 2902 Damasci
651 2839 767 2903 missas
789 2839 889 2903 tradit
910 2840 940 2903 ei
962 2860 1022 2904 nec
1044 2840 1134 2905 dubi·

121 2927 191 2988 tare
214 2945 300 3007 eum,
329 2926 407 3008 quin
434 2947 564 2990 omnem
585 2926 709 3010 regiam
732 2927 962 3010 supellectilem
985 2949 1060 2992 cum
1082 2948 1135 3013 pe·

86 3012 218 3080 acunia
246 3011 401 3095 traderet,
432 3013 557 3077 adiecit.
601 3012 772 3078 Parmenio
801 3015 962 3079 adservari
984 3036 1023 3080 eo
1046 3016 1135 3081 iusso

120 3100 245 3164 liiteras
268 3101 380 3183 aperit,
401 3101 437 3164 in
459 3101 532 3186 quis
555 3104 624 3165 erat
646 3102 810 3186 scriptum,
832 3105 869 3166 ut
890 3106 1015 3168 matura
1038 3103 1136 3168 Alex-

121 3187 224 3252 ander¹
256 3187 395 3272 aliquem
426 3209 465 3253 ex
496 3189 629 3254 ducibus
662 3191 727 3254 suis
758 3191 900 3255 mitteret
931 3212 1005 3256 cum
1036 3212 1136 3256 mann

121 3276 251 3360 exigua,
274 3276 325 3339 eui
347 3277 490 3354 traderet,
521 3298 735 3363 quaecumque
757 3299 813 3342 rex
834 3300 933 3362 penes
956 3279 1066 3363 ipsum
1087 3301 1137 3344 re·

120 3363 283 3446 liquisset:
318 3364 428 3449 itaque
459 3364 608 3431 Mardum
639 3365 723 3431 datis
754 3367 925 3431 comitibus
957 3366 998 3430 ad
1029 3367 1137 3451 prodi·

82 3454 225 3517 ctorem
255 3452 399 3517 remittit.
443 3453 502 3519 Ille
530 3475 547 3518 a
574 3453 724 3520 manibus
752 3454 1002 3519 custodientium
1024 3456 1137 3541 lapsus

97 3533 305 3603 Damascum
342 3545 423 3609 anta
460 3543 568 3610 lucem
603 3543 717 3608 intrat.
772 3541 977 3608 ‘Iurbauerat
1008 3563 1049 3608 aa
1071 3548 1136 3610 'res
