2356 3846
161 167 165 172 '
240 158 494 216 HISTORIARUM
510 159 727 216 ALEXANDRI
744 161 797 232 IV,
817 169 840 218 1.
1028 164 1070 228 33

57 307 183 368 serunt:
206 303 262 368 sed
284 325 340 369 eos
362 302 525 388 Amyntas
547 305 673 388 proelio
702 311 870 389 superatos
897 307 932 372 in
958 309 1071 373 urbem

55 390 742 546 ltlttltttlltlttllttll
756 396 1070 548 restituar
1126 418 1130 424 ’

55 570 174 632 cuncta
197 568 384 653 agebantur.
424 567 538 653 Itaque
556 504 711 653 Manpaoes,
734 505 929 656 qiiamquam
950 572 1123 642 infelicior

55 656 181 739 proelio
201 677 333 721 suorum
352 656 477 721 animos
495 657 624 722 territos
644 678 714 722 esse
733 665 939 743 cognoverat,
961 664 1070 724 tamen

55 744 205 826 palantes
237 747 270 808 et
300 744 454 809 victoriae
480 744 599 810 fiducia
625 745 773 810 incautos
801 751 970 812 ostentans
999 769 1069 831 per·

55 832 154 916 pulit,
179 853 220 896 ne
243 831 428 896 dubitarent
452 832 592 898 ex'urbe
615 855 782 918 erumpere
805 839 838 898 et
859 857 910 899 res
934 836 1070 900 amissas

55 918 244 1003 reciperare.
276 919 315 983 Id
338 920 507 986 consilium
524 943 590 986 non
607 922 733 991 ratione
751 923 950 1007 prudentius,
973 946 1070 1007 quam
1089 945 1123 992 aa

56 1011 175 1072 eventu
201 1008 325 1073 felicius
352 1009 427 1073 luit:
465 1010 506 1074 ad
533 1031 634 1074 unum
661 1031 773 1075 omnes
799 1032 872 1075 cum
894 1011 967 1094 ipso
991 1012 1070 1076 duce

56 1095 156 1160 occisi
183 1100 268 1160 sunt.
312 1094 382 1161 Has
404 1118 525 1181 poenas
548 1096 709 1182 Amyntas
731 1099 858 1182 utrique
880 1100 951 1184 regi
974 1100 1071 1182 dedit,
1120 1155 1123 1161 ,

54 1182 159 1249 nihilo
185 1184 290 1268 magis
318 1185 361 1268 ei,
392 1186 433 1250 ad
461 1207 561 1270 quem,
579 1186 812 1271 nansfugerat,
844 1187 941 1273 fidus,
974 1209 1070 1271 quam

55 1271 118 1355 illi,
141 1292 236 1356 quem
259 1272 451 1337 deseruerat.

15 1406 37 1472 6
147 1401 244 1467 Darei
274 1408 454 1488 praetores,
486 1405 541 1488 qui
572 1406 695 1489 proelio
728 1406 815 1489 apud
837 1405 932 1472 isson
961 1428 1069 1490 super·
1089 1427 1123 1475 34

56 1491 200 1574 fuerant,
227 1513 300 1556 cum
324 1492 412 1556 omni
434 1513 547 1576 manu,
570 1514 651 1576 quae
674 1494 837 1578 fugientes
860 1499 968 1559 secuta
993 1499 1070 1578 erat,

57 1579 230 1661 adsumpta
243 1581 341 1643 etiam
356 1576 584 1663 Cappadocum
598 1584 630 1644 et
643 1579 891 1665 Paphlagonum
904 1584 1070 1647 iuventute

56 1665 194 1752 Lydiam
227 1668 413 1750 reciperare·
438 1667 650 1752 temptabant
704 1668 904 1755 Antigonus,
939 1675 1070 1754 praetor
1089 1690 1123 1740 35

20 1761 26 1766 “
56 1753 245 1838 Alexandri,
266 1752 388 1839 Lydiae
410 1760 571 1839 praeerat:
603 1755 658 1840 qui
681 1778 876 1840 quamquam
899 1759 1069 1842 plerosque

56 1842 197 1908 militum
220 1864 259 1905 ex
280 1843 449 1926 praesidiis
473 1844 513 1908 ad
536 1865 646 1929 regem
667 1844 841 1928 dimiserat,
863 1850 975 1909 tamen
996 1846 1070 1910 bar-

56 1931 145 1995 baris
174 1931 290 2013 spretis
313 1932 348 1994 in
371 1931 472 1995 aciem
496 1935 571 1996 'suos
595 1931 712 1996 eduxit.
757 1931 881 1997 Eadem
903 1934 969 1997 illic
993 1955 1069 2017 quo-

57 2040 119 2104 que
145 2017 278 2083 fortuna
304 2019 445 2102 partium
472 2020 548 2084 fuit:
585 2020 689 2085 tribus
718 2021 849 2103 proeliis
881 2022 945 2086 alia
973 2025 1070 2106 atque

57 2108 122 2172 alia
143 2107 276 2191 regione
299 2107 475 2172 commissis
490 2107 606 2171 Persae
624 2107 811 2173 funduntur.
846 2108 973 2175 Eodem
990 2114 1069 2174 tem·
1088 2131 1123 2180 ac

19 2201 21 2204 ’
56 2216 135 2280 pore
163 2194 274 2259 classis
301 2194 514 2260 Macedonum
541 2216 579 2259 ex
603 2193 739 2260 Graecia
766 2197 870 2262 accita
891 2199 1069 2263 Aristome-

55 2304 135 2366 nen,
167 2283 222 2367 qui
249 2282 291 2346 ad
312 2281 516 2367 Hellesponti
543 2304 632 2347 oram
655 2284 897 2368 reciperandam
920 2309 940 2351 a
962 2285 1069 2352 Dareo

33 2375 127 2436 erat
153 2372 284 2456 missus,
315 2372 418 2454 captis
445 2372 513 2436 eiua
541 2374 597 2436 aut
625 2373 742 2436 eversis
769 2374 905 2438 navibus
930 2379 1070 2457 superat.

55 2458 86 2523 A
119 2457 253 2524 Milesiis
284 2458 398 2523 deinde
430 2458 672 2543 Pharnabazus,
708 2462 888 2544 praefectus
920 2462 1068 2526 Persicae
1088 2483 1121 2530 3⁷

55 2547 183 2631 classis,
212 2548 350 2630 pecunia
377 2552 490 2612 exacta
517 2551 550 2611 et
575 2548 735 2631 praesidio
758 2549 794 2612 in
816 2549 929 2613 urbem
952 2547 1070 2614 Chium

53 2634 241 2700 introducto
269 2639 398 2699 centum
422 2636 560 2700 navibus
584 2634 731 2704 Andrum
759 2635 887 2702 atinde
912 2634 1069 2719 Siphnum

53 2723 159 2808 petiit.
195 2721 264 2786 Har
288 2745 415 2808 quoque
437 2724 560 2788 insulas
579 2723 747 2806 praesidiis
767 2727 910 2808 occupat,
932 2725 1069 2806 pecunia

54 2812 182 2876 multat.

145 2941 339 3028 Magnitudo
360 2943 445 3030 belli,
468 2944 553 3029 quod
577 2945 618 3009 ab
642 2939 894 3028 opulentissimis
917 2942 1068 3027 Europae
1087 2965 1122 3015 38

54 3030 217 3115 Asiaeque
244 3032 374 3116 regibus
400 3033 436 3096 in
463 3054 553 3116 spem
580 3033 679 3097 totius
704 3033 790 3096 orbis
813 3033 992 3116 occupandi
1015 3053 1068 3117 ge·

54 3119 197 3202 rebatur,
220 3118 374 3185 Graeciae
397 3142 523 3205 quoque
546 3125 579 3185 et
595 3118 710 3185 Cretae
733 3142 824 3189 arma
842 3124 1068 3185 commoverat.

54 3209 151 3293 Agis,
178 3207 504 3274 Lacedaemoniorum
526 3231 590 3287 rex,
613 3212 686 3274 octo
709 3209 839 3273 milibus
862 3207 1068 3292 Graecorum,
1087 3229 1121 3278 aa

56 3297 112 3380 qui
145 3318 184 3360 ex
212 3295 324 3362 Cilicia
354 3297 485 3382 profugi
514 3297 625 3361 domos
653 3298 862 3383 repetierant,
895 3298 1068 3362 contractis

55 3384 178 3449 bellum
205 3384 393 3468 Antipatro,
424 3384 631 3449 Macedoniae
658 3385 835 3469 praefecto,
867 3386 1068 3449 moliebatur.

56 3471 228 3539 Cretenses
254 3472 313 3536 has
341 3477 398 3537 aut
423 3473 496 3538 illas
523 3477 631 3556 partes
660 3474 761 3538 secuti
782 3494 869 3537 nunc
892 3471 1066 3556 Spartano·
1088 3494 1121 3540 ro

56 3584 141 3643 rum,
172 3583 257 3626 nunc
279 3559 497 3627 Macedonum
523 3561 697 3648 praesidiis
720 3562 984 3645 orsapahamus.
1017 3555 1099 3613 {ab

103 3663 196 3705 Curtius
208 3665 290 3707 Rufus.
874 3666 898 3712 ᾖ
