2356 3846
104 114 195 169 xxvi
504 111 734 168 suuusaruu.

106 256 180 311 citus
194 255 349 311 Alexandri
366 271 417 326 per
436 255 597 326 Sogdianae
616 256 736 315 deserta,
746 253 849 309 itinere
866 252 945 309 facto
960 252 1051 308 Oxum
1069 270 1129 307 am-

106 326 326 398 nemsingulari
339 326 450 381 ratione
465 329 587 396 superat.
616 327 720 381 Bessus
735 343 753 380 a
767 323 930 394 Spitamene
945 324 1013 379 dolo
1027 327 1128 394 captus

107 400 145 453 ad
158 398 351 454 Alexandrum
370 397 532 466 adducitur,
552 414 570 452 a
584 414 639 466 quo
655 396 782 464 Oxathri,
800 395 888 451 Darei
901 395 992 463 fratri,
1012 396 1050 449 ad
1064 413 1129 466 sup

105 467 224 541 plicium
248 468 414 525 sumendum
436 468 566 524 traditur.
604 469 651 524 VI.
675 468 865 522 Barbarorum
888 469 918 522 et
939 466 1129 522 Macedonum

106 541 342 666 MhimgemdaMor
356 543 386 623 et
407 540 573 596 reverentia.
601 538 1130 680 dvibriasVMxngthllurbesyithileibe

153 629 239 667 ama
300 628 653 667 anarmamnemcon.
744 626 1038 665 .eeocs
1118 641 1129 650 -

107 682 379 754 rendo'AIexander
406 696 492 753 aeger
520 699 554 737 ex
580 682 696 738 vulnere
722 699 787 736 cum
810 679 868 735 suis
891 679 947 734 init
969 669 1130 735 consilium.

107 753 275 810 Aristander
301 756 381 809 vates
409 753 485 824 regis
513 753 655 808 voluntati
683 770 735 808 sua
762 752 957 806 accommodat
983 767 1129 822 responsa.

106 825 288 882 Menedemus
312 842 376 879 cum
402 824 491 896 copiis
516 823 573 880 suis
598 841 615 879 a
638 823 801 894 Spitamene
824 840 874 893 per
899 822 1018 878 insidias
1042 822 1130 877 inter-

107 896 213 952 ficitur:
237 896 314 966 quod
338 895 443 951 callide
468 895 630 951 dissimulat
652 894 820 950 Alexander.
862 895 935 949 VIII.
953 893 1026 948 Dum
1050 911 1130 949 exer-

108 966 181 1022 eitus
200 968 242 1023 ad·
256 967 364 1036 bellum
383 966 553 1037 aecingitur,
573 966 742 1036 Scytharum
759 965 851 1035 legati
869 965 1025 1020 adveniunt
1043 964 1129 1020 aede

107 1055 178 1108 pace
202 1037 348 1109 egregiam
373 1039 410 1093 ad
432 1039 625 1094 Alexandrum
650 1037 760 1092 habent
784 1036 948 1092 orationem.
993 1037 1040 1091 IX.
1068 1036 1130 1091 Rex

107 1109 212 1180 legatis
231 1109 358 1164 dimissis
371 1109 490 1164 Tanaim
509 1110 624 1180 superat
641 1107 805 1177 bellumque
819 1107 932 1176 Scythis
946 1106 1045 1162 infert:
1065 1125 1131 1162 cum

108 1180 192 1236 victis
207 1180 274 1236 beni
315 1179 415 1251 sagit.
448 1180 488 1235 X:
497 1179 705 1251 Sogdianorum
718 1179 859 1234 nobilium
871 1178 995 1234 invictus
1009 1178 1130 1234 animus.

37 1257 89 1309 328
108 1251 190 1306 Bessi
208 1269 280 1321 supp
294 1251 386 1306 'oium
423 1251 505 1306 Novo
524 1250 616 1306 milite
635 1252 756 1321 augetur
774 1249 921 1305 exercItus.
949 1249 995 1304 XI.
1014 1250 1130 1304 Petram

111 1323 147 1377 ab
175 1321 306 1378 Arimaze
334 1321 479 1392 Sogdiano
507 1322 665 1390 obsessam,
700 1320 757 1376 situ
783 1320 842 1376 fere
870 1320 1129 1390 inexpugnabilem,

110 1395 231 1463 occupat
248 1392 418 1449 Alexander.

505 1560 627 1620 LIBER
645 1559 729 1620 VIII.

178 1675 199 1731 Ι.
228 1675 406 1746 Massagetis,
425 1675 523 1744 Dahis,
543 1674 694 1746 Sogdianis
714 1674 839 1730 subactis
853 1674 975 1744 Scythae
995 1674 1040 1729 sui
1052 1675 1129 1746 regis

107 1746 196 1803 filiam
214 1745 375 1803 Alexandro
399 1747 481 1802 ooniu
503 1763 548 1803 em
572 1745 700 1802 offerunt.
736 1747 798 1802 Rex
817 1745 923 1801 Clitum
944 1745 976 1799 in
999 1746 1130 1801 convivio

107 1816 226 1873 liberius
254 1815 382 1873 locutum
408 1817 468 1872 inte
502 1817 550 1872 clt.
591 1817 624 1872 11.
661 1817 730 1872 Sera
756 1816 911 1872 Alexandri
937 1816 1129 1886 paenItentia:

107 1887 906 2015 eldemlffllurtffilltlulamrlllfi{lt
922 1887 1132 2015 scissum

109 2029 175 2084 simi
193 1976 492 2098 ducis,'obitus.pp1'11.
530 2029 703 2100 Spitamenis
730 2002 846 2085 uxorem
869 1976 1014 2085 intblrgibbt’i
1032 2030 1130 2085 mariti

109 2102 195 2170 caput
213 2100 389 2156 adferentem
405 2099 566 2156 Alexander
583 2100 685 2156 castris
704 2102 838 2156 excedere
856 2100 949 2156 iubet:
967 2101 1131 2171 provincias

127 2171 247 2226 uaedam
275 2188 293 2226 a
319 2171 527 2241 praefectorum
550 2188 664 2226 suorum
689 2172 886 2228 vexationibus
908 2172 1044 2227 vindicat.
1082 2173 1130 2228 IV.

108 2241 1131 2384 agolteriiluttlrlrllrgtrttlth‘dalldtl

109 2384 232 2454 Oxyarte
245 2384 277 2438 in
290 2385 374 2439 fidem
388 2386 502 2455 recepto
516 2401 581 2440 oum
589 2385 705 2440 Roxane
718 2385 938 2441 matrimonium.
970 2386 1003 2442 V.
1015 2385 1130 2457 Cogita·

108 2454 235 2510 tionibus
254 2455 285 2509 in
302 2455 411 2510 bellum
428 2455 557 2510 Indicum
574 2456 664 2512 versis
678 2455 858 2512 adulatorum
871 2457 971 2513 fraude
984 2456 1130 2526 nimiaque

109 2526 243 2596 superbia
266 2526 358 2582 elatus
377 2526 538 2582 Alexander
562 2544 640 2582 more
658 2528 807 2583 Persarum
823 2528 994 2583 Macedonas
1013 2544 1130 2584 venera·

108 2598 219 2653 bundos
238 2597 333 2667 ipsum
351 2598 475 2653 salutare
494 2597 586 2667 iubet,
606 2598 682 2668 quod
701 2598 783 2669 gravi
796 2599 925 2654 oratione
940 2597 1130 2655 Callisthenes

108 2668 249 2739 inprobat.
287 2669 333 2724 VI.
367 2668 409 2723 Ex
437 2669 597 2740 ignominia
619 2669 785 2738 Hermolao,
810 2670 902 2726 nobili
924 2687 1024 2741 puero,
1047 2670 1130 2725 illata

108 2739 235 2795 nascitur
252 2739 284 2793 in
302 2742 388 2809 caput
400 2739 555 2796 Alexandri
569 2739 740 2797 coniuratio:
760 2758 817 2810 qua
828 2741 942 2796 detecta
956 2759 1019 2796 curu
1033 2745 1130 2796 auoto-

108 2811 187 2865 rIbus
211 2811 326 2866 sceleris
348 2810 483 2866 innocens
504 2810 692 2866 Callisthenes
710 2811 741 2865 ln
758 2811 873 2867 vincula
890 2812 1036 2868 conicitur.
1069 2814 1129 2869 VII.

108 2881 141 2934 In
153 2881 308 2936 Alexandri
323 2882 485 2951 superblam
498 2884 528 2938 et
541 2881 740 2936 crudelitatem
753 2881 904 2950 invehItur,
924 2883 1130 2939 Callisthenem

109 2951 272 3021 defendens,
291 2952 466 3009 Hermolaus.
512 2952 586 3007 VIII.
614 2952 766 3008 Hermolao
784 2953 945 3009 Alexander
962 2955 1130 3025 respondet:

110 3021 313 3079 Callisthenem
331 3026 361 3078 et
378 3023 504 3092 reliquos
523 3022 683 3078 coniuratos
708 3023 804 3079 necari
821 3024 911 3080 iubet.
956 3025 1003 3080 IX.
1035 3027 1067 3080 ln
1086 3026 1131 3080 In-

110 3093 187 3148 diam
204 3097 301 3150 movet
312 3094 480 3161 Alexander,
512 3093 635 3148 Disserit
653 3093 765 3150 Curtius
784 3096 820 3150 de
837 3095 935 3151 Indiae
954 3095 1020 3163 situ,
1039 3096 1131 3152 flumi-

109 3164 207 3234 nibus,
228 3165 300 3221 eaeli
313 3165 463 3236 temperie,
479 3165 658 3234 animalibus,
678 3165 787 3237 opibus,
807 3167 843 3221 de
858 3167 992 3222 Indorum
1004 3167 1132 3238 iugenio,

39 3240 91 3290 327
110 3251 208 3306 regum
221 3236 340 3304 luxuria,
355 3235 652 3307 gymnosophistarum
660 3236 722 3291 vita
732 3254 765 3291 so
779 3237 927 3308 sapientia.
960 3238 994 3293 X.
1008 3237 1130 3295 Alexan-

111 3307 161 3361 der
188 3307 287 3362 Indiae
315 3307 355 3362 ois
382 3308 484 3362 Indum
511 3307 625 3378 regulos
646 3308 798 3367 nonnullos
822 3308 878 3363 sibi
902 3312 1080 3366 occurrentes
1099 3310 1131 3365 in

107 3377 195 3431 fidem
213 3378 323 3449 recipit,
340 3378 436 3433 varias
454 3379 538 3434 urbes
557 3381 587 3434 et
604 3379 735 3450 regiones
749 3378 924 3434 deditionem
939 3380 1130 3436 detrectantes

72 3448 303 3569 ἧῖιῑὲξπαᾲχιῖη
319 3449 510 3521 Musagorum
524 3450 673 3506 obsidione
686 3450 851 3506 vulneratus
865 3467 896 3532 se
909 3468 972 3507 esse
985 3452 1130 3508 hominem

475 3521 1130 3595 ........
