2356 3846
270 154 523 239 HISTORlARUM
542 153 757 209 ALEXANDRI
775 160 812 225 V,
836 163 858 212 1.
1025 154 1069 218 83

56 300 137 366 tudo
169 300 254 364 muri
285 317 306 364 n
334 299 517 365 cubitorum
548 300 669 364 eminet
696 300 814 382 spatio:
849 301 956 365 turres
980 298 1070 364 denis

56 389 193 474 pedibus
217 410 314 473 quam
337 410 448 453 murus
472 388 603 453 altiores
627 391 709 467 sunt.
687 387 814 452 tt'To
790 390 855 453 trus
880 388 984 472 operis
1004 382 1071 452 1111-

57 478 146 542 bitus
175 476 436 542 101111111111111
463 477 609 560 conpleat
609 476 687 540 itur:
723 476 923 561 singulorum
952 476 1069 541 stadio-

56 567 348 630 rumstructuram
372 565 507 648 singulis
530 565 642 628 diebus
664 564 840 647 perfectam
864 586 933 629 esse
952 586 1070 629 memo-

53 653 127 724 riae
154 652 317 735 proditum
341 655 398 715 est.
443 650 600 717 Aedificia
622 674 688 717 11111
712 657 787 716 sunt
809 653 939 717 admota
961 653 1071 736 muris,

58 741 116 805 sed
142 740 210 804 fere
237 740 378 823 spatium
405 739 509 824 iugeri
535 741 629 804 unius
657 741 783 804 absunt.
827 739 876 805 Ac
902 762 942 804 111
965 744 1123 808 11111111

57 828 188 913 quidem
211 827 323 892 urbem
345 828 441 892 tectis
465 832 702 912 occupaverimt
714 864 759 875 —-
772 850 831 910 per
852 846 946 892 Lxxx
965 829 1070 892 stadia

56 915 269 980 habitabatur
291 952 333 962 —
355 937 415 981 nec
439 917 548 981 omnia
571 916 723 980 continua
746 921 835 998 sunt,
863 916 970 998 credo,
994 918 1070 998 quia

57 1005 162 1069 tutius
185 1003 289 1068 visum
312 1006 364 1068 est
391 1004 537 1087 pluribus
558 1005 637 1070 locis
662 1005 780 1088 spargi.
826 1002 939 1068 Cetera
962 1008 1071 1067 serunt

59 1092 240 1174 coluntque,
264 1095 308 1174 ut,
332 1092 360 1154 si
378 1094 512 1156 externa
530 1092 579 1156 vis
598 1093 738 1176 ingruat,
757 1093 898 1157 obsessis
917 1091 1071 1155 alimenta

59 1201 100 1243 111
122 1179 224 1263 ipsius
246 1179 336 1242 urbis
359 1181 428 1244 solo
449 1180 740 1243 subministrentur.
770 1179 955 1263 Euphrates
973 1180 1070 1242 inter·
1089 1198 1124 1248 28

58 1267 131 1331 fluit
149 1287 348 1351 magnaeque
366 1269 461 1332 molis
481 1268 697 1351 crepidinibus
717 1272 889 1332 coercetur.
922 1265 983 1331 Sed
1003 1289 1070 1331 1111-

58 1355 150 1418 nium
182 1376 315 1436 operum
346 1355 599 1440 magnitudinem
632 1356 886 1420 circumveniunt
915 1376 1070 1419 cavernas

59 1444 223 1528 ingentes,
255 1443 289 1506 in
316 1444 519 1507 altitudinem
548 1465 678 1526 pressae
707 1444 747 1508 ad
771 1444 990 1527 accipiendum
1012 1443 1071 1505 im-

23 1600 26 1604 ,
59 1534 172 1614 petum
193 1530 350 1616 fluminis,
382 1530 480 1615 quod,
511 1532 567 1610 ubi
595 1531 761 1614 adpositae
785 1531 956 1615 crepidinis
979 1531 1070 1595 fasti·

60 1620 151 1702 gium
171 1619 317 1702 excessit,
338 1619 428 1683 urbis
446 1622 533 1683 tecta
551 1620 733 1702 corriperet,
751 1620 815 1683 nisi
834 1623 942 1683 essent
956 1640 1070 1702 specus

58 1706 221 1790 lacusque,
243 1706 298 1789 qui
316 1707 506 1790 exciperent.
543 1705 660 1771 Coctili
677 1707 833 1771 laterculo
853 1707 967 1771 structi
982 1711 1070 1771 sunt:
1090 1729 1124 1777 11

58 1798 166 1874 totum
190 1816 271 1877 opus
294 1794 451 1858 bitumine
474 1795 695 1879 adstringitur.
735 1793 822 1858 Pons
845 1795 991 1877 lapideus
1013 1795 1088 1858 flu?

58 1881 142 1947 mini
164 1881 326 1965 inpositus
348 1882 456 1966 iungit
477 1883 599 1946 urbem.
636 1882 698 1947 Hie
722 1904 846 1966 quoque
869 1884 953 1946 inter
976 1883 1069 1945 mira·

58 1971 139 2034 bilia
162 1968 303 2034 Orientis
327 1991 424 2053 opera
445 1974 631 2035 numeratus
655 1974 716 2036 est:
746 1973 863 2054 quippe
886 1970 1070 2052 Euphrates

59 2059 163 2123 altum
195 2056 308 2122 limum
337 2058 439 2142 vehit,
476 2080 539 2142 quo
565 2059 693 2141 penitus
721 2059 761 2123 ad
788 2059 998 2123 fundamenta
1024 2058 1071 2121 ia·

60 2146 176 2210 cienda
208 2150 318 2230 egesto
350 2146 404 2210 vix
436 2146 598 2210 sufficiens
630 2147 720 2230 operi
746 2147 838 2211 firmo
861 2149 1072 2230 reppererunt

60 2235 179 2299 solum:
215 2233 353 2297 harenae
389 2237 497 2298 autem
535 2234 668 2298 subinde
702 2237 884 2298 cumulatae
912 2240 944 2298 et
976 2235 1071 2318 saxis,
1090 2256 1124 2304 30

59 2322 133 2406 quis
161 2342 244 2404 pons
273 2322 463 2404 sustinetur,
495 2323 637 2386 adnexae
659 2327 826 2386 morantur
849 2345 989 2406 amnem,
1016 2323 1071 2407 qui

60 2412 206 2474 retentus
229 2410 343 2492 acrius,
367 2432 464 2494 quam
485 2411 513 2474 si
531 2410 632 2475 libero
651 2433 746 2475 cursu
764 2415 894 2494 mearet,
916 2410 1071 2474 inliditur.

19 2496 179 2572 5Arcem
203 2519 329 2581 quoque
361 2498 485 2563 ambitu
517 2516 564 2562 xx
591 2498 695 2563 stadia
724 2500 913 2582 conplexam
940 2499 1121 2568 1111111131

59 2603 132 2650 xxx
163 2586 260 2669 pedes
300 2586 334 2649 in
369 2590 490 2650 terram
523 2587 660 2650 turrium
692 2585 901 2650 fundamenta
933 2585 1071 2649 demissa

60 2677 146 2757 sunt,
169 2674 211 2738 ad
233 2691 326 2738 xxxx
344 2695 505 2738 summum
523 2674 713 2738 munimenti
731 2674 898 2758 fastigium
917 2674 1070 2756 pervenit.

61 2760 165 2845 Super
189 2783 307 2845 arcem,
329 2762 497 2846 vulgatum
518 2760 713 2826 Graecorum
736 2761 853 2826 fabulis
872 2762 1071 2845 miraculum,
1089 2784 1123 2833 32

59 2850 202 2934 pensiles
233 2849 320 2914 horti
352 2853 443 2934 sunt,
480 2872 638 2914 summam
671 2871 835 2914 murorum
868 2849 1071 2914 altitudinem

60 2941 237 3022 aequantes
260 2938 495 3022 multarumque
519 2937 669 3002 arborum
691 2937 806 3001 umbra
827 2941 859 3000 et
878 2938 1071 3020 proceritate

60 3026 208 3108 amoeni„
244 3023 327 3090 Saxo
350 3026 448 3109 pilae,
481 3048 563 3109 quae
585 3028 690 3090 totum
714 3047 795 3090 onus
820 3026 993 3109 sustinent,
1022 3027 1069 3090 in·
1088 3048 1122 3096 33

60 3118 203 3180 structae
240 3117 332 3197 sunt,
373 3135 469 3196 super
509 3115 592 3196 pilas
629 3114 735 3195 lapide
773 3113 929 3197 quadrato
966 3115 1070 3179 solum

60 3205 200 3268 stratum
231 3205 280 3266 est
305 3203 431 3285 patiens
458 3204 576 3284 terrae,
608 3223 703 3285 quam
731 3201 830 3265 altam
857 3202 1005 3283 iniciunt,
1038 3207 1070 3266 et

59 3291 221 3374 humoris,
253 3312 315 3374 quo
337 3290 447 3375 rigant
469 3293 584 3354 terras:
617 3289 759 3372 adeoque
786 3289 910 3354 validas
938 3291 1069 3354 arbores

61 3380 225 3445 sustinent
259 3380 378 3461 moles,
414 3382 451 3442 ut
487 3379 613 3462 stipites
650 3399 759 3441 earum
795 3396 857 3442 vm
889 3379 1069 3443 cubitorum

61 3468 204 3552 spatium
227 3466 440 3531 crassitudine
463 3471 611 3551 aequent,
632 3466 665 3530 in
687 3484 709 3529 L
728 3465 843 3549 pedum
867 3465 1070 3529 altitudinem

60 3557 226 3622 emineant
245 3554 481 3643 frugiferaeque
506 3555 582 3642 sint,
602 3558 643 3621 ut
664 3554 697 3621 si
713 3557 808 3620 terra
827 3575 893 3616 sua
911 3552 1097 3613 aarum.

910 3653 949 3703 QX
