<?xml version="1.0" encoding="UTF-8"?>
<!DOCTYPE html PUBLIC "-//W3C//DTD XHTML 1.0 Transitional//EN"
    "http://www.w3.org/TR/xhtml1/DTD/xhtml1-transitional.dtd">
<html xmlns="http://www.w3.org/1999/xhtml" xml:lang="en" lang="en">
 <head>
  <title>
</title>
<meta http-equiv="Content-Type" content="text/html;charset=utf-8" />
  <meta name='ocr-system' content='tesseract 3.04.00' />
  <meta name='ocr-capabilities' content='ocr_page ocr_carea ocr_par ocr_line ocrx_word'/>
</head>
<body>
  <div class='ocr_page' id='page_1' title='image "./incertiauctoris00heydgoog_0376.png"; bbox 0 0 2356 3846; ppageno 0'>
   <div class='ocr_carea' id='block_1_1' title="bbox 472 224 692 288">
    <p class='ocr_par' dir='ltr' id='par_1_1' title="bbox 472 224 692 288">
     <span class='ocr_line' id='line_1_1' title="bbox 472 224 692 288; baseline 0 -18"><span class='ocrx_word' id='word_1_1' title='bbox 472 224 692 288; x_wconf 65' lang='lat'>„24-</span> 
     </span>
    </p>
   </div>
   <div class='ocr_carea' id='block_1_2' title="bbox 65 383 1112 2862">
    <p class='ocr_par' dir='ltr' id='par_1_2' title="bbox 65 383 1112 2862">
     <span class='ocr_line' id='line_1_2' title="bbox 72 383 1086 466; baseline 0 -18"><span class='ocrx_word' id='word_1_2' title='bbox 72 387 134 448; x_wconf 89' lang='lat' dir='ltr'>tur.</span> <span class='ocrx_word' id='word_1_3' title='bbox 180 383 355 460; x_wconf 76' lang='lat' dir='ltr'><strong>‘Quoniam</strong></span> <span class='ocrx_word' id='word_1_4' title='bbox 386 406 462 448; x_wconf 91' lang='lat' dir='ltr'>vero</span> <span class='ocrx_word' id='word_1_5' title='bbox 497 405 558 466; x_wconf 83' lang='lat' dir='ltr'>ego</span> <span class='ocrx_word' id='word_1_6' title='bbox 591 384 735 448; x_wconf 90' lang='lat' dir='ltr'>sentiens</span> <span class='ocrx_word' id='word_1_7' title='bbox 767 403 820 447; x_wconf 91' lang='lat' dir='ltr'>me</span> <span class='ocrx_word' id='word_1_8' title='bbox 848 405 867 447; x_wconf 92' lang='lat' dir='ltr'>a</span> <span class='ocrx_word' id='word_1_9' title='bbox 893 384 989 448; x_wconf 93' lang='lat' dir='ltr'>vobis</span> <span class='ocrx_word' id='word_1_10' title='bbox 1018 405 1086 449; x_wconf 89' lang='lat' dir='ltr'>con·</span> 
     </span>
     <span class='ocr_line' id='line_1_3' title="bbox 72 471 1086 567; baseline 0 -30"><span class='ocrx_word' id='word_1_11' title='bbox 72 473 207 556; x_wconf 80' lang='lat' dir='ltr'><strong>cepisse,</strong></span> <span class='ocrx_word' id='word_1_12' title='bbox 226 473 353 538; x_wconf 83' lang='lat' dir='ltr'>decrevi</span> <span class='ocrx_word' id='word_1_13' title='bbox 366 474 476 556; x_wconf 91' lang='lat' dir='ltr'>potius</span> <span class='ocrx_word' id='word_1_14' title='bbox 490 472 604 537; x_wconf 87' lang='lat' dir='ltr'>velle&#39;</span> <span class='ocrx_word' id='word_1_15' title='bbox 595 495 631 536; x_wconf 90' lang='lat' dir='ltr'>m</span> <span class='ocrx_word' id='word_1_16' title='bbox 643 473 722 537; x_wconf 90' lang='lat' dir='ltr'>urbe</span> <span class='ocrx_word' id='word_1_17' title='bbox 736 471 936 567; x_wconf 80' lang='lat' dir='ltr'>Romanam</span> <span class='ocrx_word' id='word_1_18' title='bbox 954 483 1086 557; x_wconf 90' lang='lat' dir='ltr'>pauper-</span> 
     </span>
     <span class='ocr_line' id='line_1_4' title="bbox 71 561 1087 627; baseline 0.001 -1"><span class='ocrx_word' id='word_1_19' title='bbox 71 565 139 626; x_wconf 89' lang='lat' dir='ltr'>tate</span> <span class='ocrx_word' id='word_1_20' title='bbox 166 563 269 626; x_wconf 89' lang='lat' dir='ltr'>vitam</span> <span class='ocrx_word' id='word_1_21' title='bbox 297 561 412 626; x_wconf 88' lang='lat' dir='ltr'>ducere</span> <span class='ocrx_word' id='word_1_22' title='bbox 441 566 474 626; x_wconf 91' lang='lat' dir='ltr'>et</span> <span class='ocrx_word' id='word_1_23' title='bbox 502 561 541 625; x_wconf 89' lang='lat' dir='ltr'>de</span> <span class='ocrx_word' id='word_1_24' title='bbox 569 562 736 626; x_wconf 83' lang='lat' dir='ltr'>laboribus</span> <span class='ocrx_word' id='word_1_25' title='bbox 764 583 920 625; x_wconf 87' lang='lat' dir='ltr'>manuum</span> <span class='ocrx_word' id='word_1_26' title='bbox 945 583 1087 627; x_wconf 90' lang='lat' dir='ltr'>mearum</span> 
     </span>
     <span class='ocr_line' id='line_1_5' title="bbox 71 649 1087 735; baseline 0.001 -21"><span class='ocrx_word' id='word_1_27' title='bbox 71 651 196 714; x_wconf 87' lang='lat' dir='ltr'>victum</span> <span class='ocrx_word' id='word_1_28' title='bbox 223 672 378 735; x_wconf 83' lang='lat' dir='ltr'>quaerere</span> <span class='ocrx_word' id='word_1_29' title='bbox 406 673 504 735; x_wconf 92' lang='lat' dir='ltr'>quam</span> <span class='ocrx_word' id='word_1_30' title='bbox 528 650 569 714; x_wconf 90' lang='lat' dir='ltr'>ad</span> <span class='ocrx_word' id='word_1_31' title='bbox 594 649 739 714; x_wconf 87' lang='lat' dir='ltr'>natalem</span> <span class='ocrx_word' id='word_1_32' title='bbox 758 650 904 734; x_wconf 90' lang='lat' dir='ltr'>patriam</span> <span class='ocrx_word' id='word_1_33' title='bbox 927 651 1036 715; x_wconf 86' lang='lat' dir='ltr'>redire</span> <span class='ocrx_word' id='word_1_34' title='bbox 1058 653 1087 716; x_wconf 89' lang='lat' dir='ltr'>et</span> 
     </span>
     <span class='ocr_line' id='line_1_6' title="bbox 71 739 1106 823; baseline -0.004 -21"><span class='ocrx_word' id='word_1_35' title='bbox 71 739 193 803; x_wconf 87' lang='lat' dir='ltr'>ibidem</span> <span class='ocrx_word' id='word_1_36' title='bbox 215 740 301 804; x_wconf 90' lang='lat' dir='ltr'>inter</span> <span class='ocrx_word' id='word_1_37' title='bbox 325 741 446 804; x_wconf 89' lang='lat' dir='ltr'>amicos</span> <span class='ocrx_word' id='word_1_38' title='bbox 466 744 499 804; x_wconf 91' lang='lat' dir='ltr'>et</span> <span class='ocrx_word' id='word_1_39' title='bbox 517 744 613 804; x_wconf 91' lang='lat' dir='ltr'>notos</span> <span class='ocrx_word' id='word_1_40' title='bbox 638 739 787 823; x_wconf 89' lang='lat' dir='ltr'>quamvis</span> <span class='ocrx_word' id='word_1_41' title='bbox 807 739 877 802; x_wconf 87' lang='lat' dir='ltr'>sine</span> <span class='ocrx_word' id='word_1_42' title='bbox 896 743 1106 822; x_wconf 75' lang='lat' dir='ltr'>paupertates</span> 
     </span>
     <span class='ocr_line' id='line_1_7' title="bbox 72 829 1086 912; baseline 0.001 -21"><span class='ocrx_word' id='word_1_43' title='bbox 72 831 105 892; x_wconf 91' lang='lat' dir='ltr'>et</span> <span class='ocrx_word' id='word_1_44' title='bbox 120 848 193 892; x_wconf 88' lang='lat' dir='ltr'>cum</span> <span class='ocrx_word' id='word_1_45' title='bbox 206 829 463 893; x_wconf 87' lang='lat' dir='ltr'>necessariorum</span> <span class='ocrx_word' id='word_1_46' title='bbox 479 829 673 894; x_wconf 86' lang='lat' dir='ltr'>sufficientia</span> <span class='ocrx_word' id='word_1_47' title='bbox 688 829 865 912; x_wconf 73' lang='lat' dir='ltr'>perpetuae</span> <span class='ocrx_word' id='word_1_48' title='bbox 878 829 1086 893; x_wconf 88' lang='lat' dir='ltr'>verecundiae</span> 
     </span>
     <span class='ocr_line' id='line_1_8' title="bbox 70 916 1086 1001; baseline 0.001 -21"><span class='ocrx_word' id='word_1_49' title='bbox 70 917 224 981; x_wconf 88' lang='lat' dir='ltr'>ruborem</span> <span class='ocrx_word' id='word_1_50' title='bbox 260 918 430 982; x_wconf 89' lang='lat' dir='ltr'>sustinere.</span> <span class='ocrx_word' id='word_1_51' title='bbox 479 918 524 982; x_wconf 86' lang='lat' dir='ltr'>Et</span> <span class='ocrx_word' id='word_1_52' title='bbox 551 917 623 981; x_wconf 90' lang='lat' dir='ltr'>ideo</span> <span class='ocrx_word' id='word_1_53' title='bbox 656 939 696 981; x_wconf 84' lang='lat' dir='ltr'>ex</span> <span class='ocrx_word' id='word_1_54' title='bbox 727 920 805 980; x_wconf 87' lang='lat' dir='ltr'>tunc</span> <span class='ocrx_word' id='word_1_55' title='bbox 836 916 1003 1001; x_wconf 84' lang='lat' dir='ltr'>praeelegi</span> <span class='ocrx_word' id='word_1_56' title='bbox 1038 917 1086 981; x_wconf 91' lang='lat' dir='ltr'>hic</span> 
     </span>
     <span class='ocr_line' id='line_1_9' title="bbox 70 1005 1086 1090; baseline 0 -22"><span class='ocrx_word' id='word_1_57' title='bbox 70 1026 202 1070; x_wconf 91' lang='lat' dir='ltr'>manere</span> <span class='ocrx_word' id='word_1_58' title='bbox 230 1009 263 1070; x_wconf 92' lang='lat' dir='ltr'>et</span> <span class='ocrx_word' id='word_1_59' title='bbox 285 1007 392 1070; x_wconf 90' lang='lat' dir='ltr'>mansi</span> <span class='ocrx_word' id='word_1_60' title='bbox 415 1028 515 1090; x_wconf 87' lang='lat' dir='ltr'>usquc</span> <span class='ocrx_word' id='word_1_61' title='bbox 543 1006 579 1070; x_wconf 91' lang='lat' dir='ltr'>in</span> <span class='ocrx_word' id='word_1_62' title='bbox 605 1005 798 1070; x_wconf 86' lang='lat' dir='ltr'>hodiernum</span> <span class='ocrx_word' id='word_1_63' title='bbox 821 1005 908 1068; x_wconf 85' lang='lat' dir='ltr'>diem</span> <span class='ocrx_word' id='word_1_64' title='bbox 931 1006 1086 1069; x_wconf 81' lang='lat' dir='ltr'>etlilium</span> 
     </span>
     <span class='ocr_line' id='line_1_10' title="bbox 70 1092 1084 1160; baseline 0.001 -2"><span class='ocrx_word' id='word_1_65' title='bbox 70 1115 179 1158; x_wconf 91' lang='lat' dir='ltr'>meum</span> <span class='ocrx_word' id='word_1_66' title='bbox 193 1092 447 1160; x_wconf 77' lang='lat' dir='ltr'>Constantinum</span> <span class='ocrx_word' id='word_1_67' title='bbox 461 1096 500 1160; x_wconf 93' lang='lat' dir='ltr'>de</span> <span class='ocrx_word' id='word_1_68' title='bbox 514 1095 664 1159; x_wconf 88' lang='lat' dir='ltr'>manibus</span> <span class='ocrx_word' id='word_1_69' title='bbox 680 1116 737 1159; x_wconf 90' lang='lat' dir='ltr'>scu</span> <span class='ocrx_word' id='word_1_70' title='bbox 751 1093 919 1158; x_wconf 88' lang='lat' dir='ltr'>laboribus</span> <span class='ocrx_word' id='word_1_71' title='bbox 934 1115 1084 1159; x_wconf 87' lang='lat' dir='ltr'>manuum</span> 
     </span>
     <span class='ocr_line' id='line_1_11' title="bbox 70 1182 1112 1268; baseline 0.002 -22"><span class='ocrx_word' id='word_1_72' title='bbox 70 1205 217 1248; x_wconf 90' lang='lat' dir='ltr'>mearum</span> <span class='ocrx_word' id='word_1_73' title='bbox 245 1184 387 1248; x_wconf 83' lang='lat' dir='ltr'>educavi.</span> <span class='ocrx_word' id='word_1_74' title='bbox 428 1183 606 1268; x_wconf 88' lang='lat' dir='ltr'>Usquequo</span> <span class='ocrx_word' id='word_1_75' title='bbox 635 1183 699 1247; x_wconf 94' lang='lat' dir='ltr'>duo</span> <span class='ocrx_word' id='word_1_76' title='bbox 726 1185 924 1247; x_wconf 72' lang='lat' dir='ltr'>mercatores</span> <span class='ocrx_word' id='word_1_77' title='bbox 947 1182 1085 1248; x_wconf 85' lang='lat' dir='ltr'>Romani</span> <span class='ocrx_word' id='word_1_78' title='bbox 1095 1200 1112 1239; x_wconf 75' lang='grc' dir='ltr'>ιι</span> 
     </span>
     <span class='ocr_line' id='line_1_12' title="bbox 69 1271 1084 1354; baseline 0.001 -19"><span class='ocrx_word' id='word_1_79' title='bbox 69 1271 191 1354; x_wconf 89' lang='lat' dir='ltr'>ipsum·</span> <span class='ocrx_word' id='word_1_80' title='bbox 206 1272 288 1336; x_wconf 92' lang='lat' dir='ltr'>mihi</span> <span class='ocrx_word' id='word_1_81' title='bbox 318 1272 433 1336; x_wconf 84' lang='lat' dir='ltr'>furtim</span> <span class='ocrx_word' id='word_1_82' title='bbox 466 1272 650 1337; x_wconf 75' lang='lat' dir='ltr'>auferentes</span> <span class='ocrx_word' id='word_1_83' title='bbox 678 1271 720 1335; x_wconf 87' lang='lat' dir='ltr'>ad</span> <span class='ocrx_word' id='word_1_84' title='bbox 752 1272 883 1335; x_wconf 89' lang='lat' dir='ltr'>domum</span> <span class='ocrx_word' id='word_1_85' title='bbox 917 1293 1009 1336; x_wconf 88' lang='lat' dir='ltr'>suam</span> <span class='ocrx_word' id='word_1_86' title='bbox 1042 1293 1084 1336; x_wconf 91' lang='lat' dir='ltr'>rc·</span> 
     </span>
     <span class='ocr_line' id='line_1_13' title="bbox 71 1360 1086 1445; baseline 0.001 -21"><span class='ocrx_word' id='word_1_87' title='bbox 71 1364 225 1443; x_wconf 90' lang='lat' dir='ltr'>ceperunt</span> <span class='ocrx_word' id='word_1_88' title='bbox 261 1364 295 1425; x_wconf 90' lang='lat' dir='ltr'>et</span> <span class='ocrx_word' id='word_1_89' title='bbox 331 1361 549 1426; x_wconf 88' lang='lat' dir='ltr'>educaverunt</span> <span class='ocrx_word' id='word_1_90' title='bbox 581 1383 638 1445; x_wconf 92' lang='lat' dir='ltr'>per</span> <span class='ocrx_word' id='word_1_91' title='bbox 671 1360 797 1444; x_wconf 92' lang='lat' dir='ltr'>aliquos</span> <span class='ocrx_word' id='word_1_92' title='bbox 834 1380 953 1444; x_wconf 79' lang='lat' dir='ltr'>annos,</span> <span class='ocrx_word' id='word_1_93' title='bbox 991 1361 1086 1425; x_wconf 91' lang='lat' dir='ltr'>donec</span> 
     </span>
     <span class='ocr_line' id='line_1_14' title="bbox 68 1449 1085 1533; baseline 0.002 -21"><span class='ocrx_word' id='word_1_94' title='bbox 68 1449 177 1531; x_wconf 89' lang='lat' dir='ltr'>ipsum</span> <span class='ocrx_word' id='word_1_95' title='bbox 210 1449 250 1512; x_wconf 88' lang='lat' dir='ltr'>ad</span> <span class='ocrx_word' id='word_1_96' title='bbox 288 1472 390 1514; x_wconf 90' lang='lat' dir='ltr'>annos</span> <span class='ocrx_word' id='word_1_97' title='bbox 429 1450 606 1514; x_wconf 89' lang='lat' dir='ltr'>iuventutis</span> <span class='ocrx_word' id='word_1_98' title='bbox 643 1449 834 1532; x_wconf 90' lang='lat' dir='ltr'>perductum</span> <span class='ocrx_word' id='word_1_99' title='bbox 872 1470 983 1513; x_wconf 89' lang='lat' dir='ltr'>secum</span> <span class='ocrx_word' id='word_1_100' title='bbox 1019 1471 1085 1533; x_wconf 89' lang='lat' dir='ltr'>per·</span> 
     </span>
     <span class='ocr_line' id='line_1_15' title="bbox 69 1536 1085 1602; baseline 0.002 -3"><span class='ocrx_word' id='word_1_101' title='bbox 69 1536 230 1601; x_wconf 87' lang='lat' dir='ltr'>duxerunt</span> <span class='ocrx_word' id='word_1_102' title='bbox 260 1538 302 1602; x_wconf 86' lang='lat' dir='ltr'>ad</span> <span class='ocrx_word' id='word_1_103' title='bbox 326 1536 496 1602; x_wconf 83' lang='lat' dir='ltr'>Graeciam</span> <span class='ocrx_word' id='word_1_104' title='bbox 519 1542 552 1602; x_wconf 92' lang='lat' dir='ltr'>et</span> <span class='ocrx_word' id='word_1_105' title='bbox 580 1538 701 1601; x_wconf 91' lang='lat' dir='ltr'>ibidem</span> <span class='ocrx_word' id='word_1_106' title='bbox 723 1537 825 1601; x_wconf 90' lang='lat' dir='ltr'>filium</span> <span class='ocrx_word' id='word_1_107' title='bbox 849 1542 998 1602; x_wconf 91' lang='lat' dir='ltr'>vestrum</span> <span class='ocrx_word' id='word_1_108' title='bbox 1019 1539 1085 1602; x_wconf 83' lang='lat' dir='ltr'>fore</span> 
     </span>
     <span class='ocr_line' id='line_1_16' title="bbox 69 1624 1112 1710; baseline 0.002 -22"><span class='ocrx_word' id='word_1_109' title='bbox 69 1625 211 1691; x_wconf 90' lang='lat' dir='ltr'>dicentes</span> <span class='ocrx_word' id='word_1_110' title='bbox 243 1627 331 1690; x_wconf 92' lang='lat' dir='ltr'>filiae</span> <span class='ocrx_word' id='word_1_111' title='bbox 363 1627 568 1710; x_wconf 89' lang='lat' dir='ltr'>imperatoris</span> <span class='ocrx_word' id='word_1_112' title='bbox 601 1624 799 1690; x_wconf 84' lang='lat' dir='ltr'>Graecorum</span> <span class='ocrx_word' id='word_1_113' title='bbox 830 1626 884 1690; x_wconf 87' lang='lat' dir='ltr'>hic</span> <span class='ocrx_word' id='word_1_114' title='bbox 921 1627 1112 1709; x_wconf 73' lang='lat' dir='ltr'>praesencia</span> 
     </span>
     <span class='ocr_line' id='line_1_17' title="bbox 69 1715 1087 1798; baseline 0.002 -20"><span class='ocrx_word' id='word_1_115' title='bbox 69 1715 216 1797; x_wconf 88' lang='lat' dir='ltr'>copulari</span> <span class='ocrx_word' id='word_1_116' title='bbox 248 1715 535 1780; x_wconf 84' lang='lat' dir='ltr'>matrimonialiter</span> <span class='ocrx_word' id='word_1_117' title='bbox 571 1719 827 1798; x_wconf 87' lang='lat' dir='ltr'>procuraverunt</span> <span class='ocrx_word' id='word_1_118' title='bbox 859 1719 892 1779; x_wconf 91' lang='lat' dir='ltr'>et</span> <span class='ocrx_word' id='word_1_119' title='bbox 929 1716 1005 1780; x_wconf 91' lang='lat' dir='ltr'>inde</span> <span class='ocrx_word' id='word_1_120' title='bbox 1041 1738 1087 1780; x_wconf 90' lang='lat' dir='ltr'>re·</span> 
     </span>
     <span class='ocr_line' id='line_1_18' title="bbox 69 1803 1088 1888; baseline 0.001 -21"><span class='ocrx_word' id='word_1_121' title='bbox 69 1803 259 1868; x_wconf 88' lang='lat' dir='ltr'>cedentes</span> <span class='ocrx_word' id='word_1_122' title='bbox 249 1825 403 1887; x_wconf 86' lang='lat' dir='ltr'>ipsosque</span> <span class='ocrx_word' id='word_1_123' title='bbox 432 1826 540 1868; x_wconf 89' lang='lat' dir='ltr'>secum</span> <span class='ocrx_word' id='word_1_124' title='bbox 568 1808 666 1888; x_wconf 89' lang='lat' dir='ltr'>prout</span> <span class='ocrx_word' id='word_1_125' title='bbox 694 1826 713 1867; x_wconf 93' lang='lat' dir='ltr'>a</span> <span class='ocrx_word' id='word_1_126' title='bbox 743 1803 874 1867; x_wconf 88' lang='lat' dir='ltr'>vobis</span> <span class='ocrx_word' id='word_1_127' title='bbox 865 1826 899 1868; x_wconf 87' lang='grc' dir='ltr'>ιιι</span> <span class='ocrx_word' id='word_1_128' title='bbox 925 1804 1088 1868; x_wconf 88' lang='lat' dir='ltr'>mandatis</span> 
     </span>
     <span class='ocr_line' id='line_1_19' title="bbox 69 1891 1089 1977; baseline 0.003 -22"><span class='ocrx_word' id='word_1_129' title='bbox 69 1913 103 1955; x_wconf 92' lang='lat' dir='ltr'>se</span> <span class='ocrx_word' id='word_1_130' title='bbox 130 1892 291 1975; x_wconf 86' lang='lat' dir='ltr'>recepisse</span> <span class='ocrx_word' id='word_1_131' title='bbox 320 1892 566 1957; x_wconf 86' lang='lat' dir='ltr'>affirmaverunt</span> <span class='ocrx_word' id='word_1_132' title='bbox 592 1891 804 1975; x_wconf 88' lang='lat' dir='ltr'>perducentes</span> <span class='ocrx_word' id='word_1_133' title='bbox 835 1913 891 1956; x_wconf 91' lang='lat' dir='ltr'>eos</span> <span class='ocrx_word' id='word_1_134' title='bbox 921 1892 963 1957; x_wconf 86' lang='lat' dir='ltr'>ad</span> <span class='ocrx_word' id='word_1_135' title='bbox 991 1915 1089 1977; x_wconf 85' lang='lat' dir='ltr'>quan·</span> 
     </span>
     <span class='ocr_line' id='line_1_20' title="bbox 68 1979 1090 2048; baseline 0.005 -5"><span class='ocrx_word' id='word_1_136' title='bbox 68 1979 143 2044; x_wconf 93' lang='lat' dir='ltr'>dam</span> <span class='ocrx_word' id='word_1_137' title='bbox 166 1981 306 2045; x_wconf 91' lang='lat' dir='ltr'>insulam</span> <span class='ocrx_word' id='word_1_138' title='bbox 331 1984 368 2045; x_wconf 90' lang='lat' dir='ltr'>ut</span> <span class='ocrx_word' id='word_1_139' title='bbox 390 1981 512 2045; x_wconf 91' lang='lat' dir='ltr'>ibidem</span> <span class='ocrx_word' id='word_1_140' title='bbox 535 1979 620 2044; x_wconf 86' lang='lat' dir='ltr'>fame</span> <span class='ocrx_word' id='word_1_141' title='bbox 643 1981 863 2046; x_wconf 88' lang='lat' dir='ltr'>interficerent</span> <span class='ocrx_word' id='word_1_142' title='bbox 882 1981 1090 2048; x_wconf 90' lang='lat' dir='ltr'>collocabant</span> 
     </span>
     <span class='ocr_line' id='line_1_21' title="bbox 67 2069 1112 2154; baseline 0.004 -22"><span class='ocrx_word' id='word_1_143' title='bbox 67 2070 137 2133; x_wconf 89' lang='lat' dir='ltr'>et</span> <span class='ocrx_word' id='word_1_144' title='bbox 127 2069 209 2153; x_wconf 86' lang='lat' dir='ltr'>ipsis</span> <span class='ocrx_word' id='word_1_145' title='bbox 238 2069 471 2134; x_wconf 90' lang='lat' dir='ltr'>dormientibus</span> <span class='ocrx_word' id='word_1_146' title='bbox 502 2074 535 2134; x_wconf 92' lang='lat' dir='ltr'>et</span> <span class='ocrx_word' id='word_1_147' title='bbox 562 2069 789 2154; x_wconf 83' lang='lat' dir='ltr'>ignorantibus</span> <span class='ocrx_word' id='word_1_148' title='bbox 812 2069 934 2133; x_wconf 88' lang='lat' dir='ltr'>ibidem</span> <span class='ocrx_word' id='word_1_149' title='bbox 963 2071 1112 2136; x_wconf 70' lang='lat' dir='ltr'>relictisa</span> 
     </span>
     <span class='ocr_line' id='line_1_22' title="bbox 68 2157 1090 2225; baseline 0.004 -4"><span class='ocrx_word' id='word_1_150' title='bbox 68 2158 108 2221; x_wconf 93' lang='lat' dir='ltr'>ad</span> <span class='ocrx_word' id='word_1_151' title='bbox 135 2158 275 2222; x_wconf 87' lang='lat' dir='ltr'>Romam</span> <span class='ocrx_word' id='word_1_152' title='bbox 304 2180 376 2222; x_wconf 92' lang='lat' dir='ltr'>cum</span> <span class='ocrx_word' id='word_1_153' title='bbox 405 2159 472 2222; x_wconf 89' lang='lat' dir='ltr'>suis</span> <span class='ocrx_word' id='word_1_154' title='bbox 502 2158 639 2222; x_wconf 90' lang='lat' dir='ltr'>navibus</span> <span class='ocrx_word' id='word_1_155' title='bbox 674 2157 795 2222; x_wconf 87' lang='lat' dir='ltr'>rcvcr&#39;si</span> <span class='ocrx_word' id='word_1_156' title='bbox 829 2158 914 2222; x_wconf 92' lang='lat' dir='ltr'>clam</span> <span class='ocrx_word' id='word_1_157' title='bbox 946 2159 1090 2225; x_wconf 87' lang='lat' dir='ltr'>fuerunt.</span> 
     </span>
     <span class='ocr_line' id='line_1_23' title="bbox 66 2244 1090 2351; baseline 0.004 -41"><span class='ocrx_word' id='word_1_158' title='bbox 66 2244 155 2310; x_wconf 90' lang='lat' dir='ltr'>Deus</span> <span class='ocrx_word' id='word_1_159' title='bbox 180 2250 289 2310; x_wconf 90' lang='lat' dir='ltr'>autem</span> <span class='ocrx_word' id='word_1_160' title='bbox 308 2248 514 2349; x_wconf 81' lang='lat' dir='ltr'>omnipotens</span> <span class='ocrx_word' id='word_1_161' title='bbox 533 2247 589 2330; x_wconf 93' lang='lat' dir='ltr'>qui</span> <span class='ocrx_word' id='word_1_162' title='bbox 606 2268 773 2330; x_wconf 90' lang='lat' dir='ltr'>nunquam</span> <span class='ocrx_word' id='word_1_163' title='bbox 795 2246 939 2311; x_wconf 90' lang='lat' dir='ltr'>deseruit</span> <span class='ocrx_word' id='word_1_164' title='bbox 959 2270 1090 2351; x_wconf 86' lang='lat' dir='ltr'>speran-</span> 
     </span>
     <span class='ocr_line' id='line_1_24' title="bbox 66 2333 1091 2420; baseline 0.005 -22"><span class='ocrx_word' id='word_1_165' title='bbox 66 2338 116 2399; x_wconf 91' lang='lat' dir='ltr'>tes</span> <span class='ocrx_word' id='word_1_166' title='bbox 153 2335 188 2399; x_wconf 91' lang='lat' dir='ltr'>in</span> <span class='ocrx_word' id='word_1_167' title='bbox 226 2356 260 2399; x_wconf 90' lang='lat' dir='ltr'>se</span> <span class='ocrx_word' id='word_1_168' title='bbox 298 2336 416 2419; x_wconf 87' lang='lat' dir='ltr'>quique</span> <span class='ocrx_word' id='word_1_169' title='bbox 451 2333 633 2399; x_wconf 83' lang='lat' dir='ltr'>Susannam</span> <span class='ocrx_word' id='word_1_170' title='bbox 667 2334 705 2398; x_wconf 91' lang='lat' dir='ltr'>de</span> <span class='ocrx_word' id='word_1_171' title='bbox 737 2335 933 2399; x_wconf 89' lang='lat' dir='ltr'>manibus</span> <span class='ocrx_word' id='word_1_172' title='bbox 923 2337 1091 2420; x_wconf 89' lang='lat' dir='ltr'>miquissi·</span> 
     </span>
     <span class='ocr_line' id='line_1_25' title="bbox 65 2422 1091 2511; baseline 0.004 -24"><span class='ocrx_word' id='word_1_173' title='bbox 65 2445 193 2489; x_wconf 92' lang='lat' dir='ltr'>morum</span> <span class='ocrx_word' id='word_1_174' title='bbox 217 2423 359 2488; x_wconf 90' lang='lat' dir='ltr'>iudicum</span> <span class='ocrx_word' id='word_1_175' title='bbox 378 2428 413 2488; x_wconf 85' lang='lat' dir='ltr'>ct</span> <span class='ocrx_word' id='word_1_176' title='bbox 431 2422 603 2488; x_wconf 89' lang='lat' dir='ltr'>Danielem</span> <span class='ocrx_word' id='word_1_177' title='bbox 622 2423 661 2487; x_wconf 92' lang='lat' dir='ltr'>de</span> <span class='ocrx_word' id='word_1_178' title='bbox 679 2423 754 2486; x_wconf 89' lang='lat' dir='ltr'>lacu</span> <span class='ocrx_word' id='word_1_179' title='bbox 772 2423 904 2488; x_wconf 90' lang='lat' dir='ltr'>leonum</span> <span class='ocrx_word' id='word_1_180' title='bbox 923 2424 1091 2511; x_wconf 82' lang='lat' dir='ltr'>liberavit,</span> 
     </span>
     <span class='ocr_line' id='line_1_26' title="bbox 65 2512 1112 2597; baseline 0.003 -20"><span class='ocrx_word' id='word_1_181' title='bbox 65 2513 178 2577; x_wconf 91' lang='lat' dir='ltr'>volens</span> <span class='ocrx_word' id='word_1_182' title='bbox 206 2513 395 2578; x_wconf 89' lang='lat' dir='ltr'>innocentes</span> <span class='ocrx_word' id='word_1_183' title='bbox 423 2534 632 2597; x_wconf 85' lang='lat' dir='ltr'>praeservare</span> <span class='ocrx_word' id='word_1_184' title='bbox 659 2513 792 2576; x_wconf 90' lang='lat' dir='ltr'>iuvenes</span> <span class='ocrx_word' id='word_1_185' title='bbox 820 2512 899 2576; x_wconf 87' lang='lat' dir='ltr'>fecit</span> <span class='ocrx_word' id='word_1_186' title='bbox 928 2516 1112 2597; x_wconf 74' lang='lat' dir='ltr'>quosdam</span> 
     </span>
     <span class='ocr_line' id='line_1_27' title="bbox 66 2600 1092 2688; baseline 0.005 -24"><span class='ocrx_word' id='word_1_187' title='bbox 66 2600 170 2666; x_wconf 89' lang='lat' dir='ltr'>bonos</span> <span class='ocrx_word' id='word_1_188' title='bbox 193 2601 342 2666; x_wconf 91' lang='lat' dir='ltr'>homines</span> <span class='ocrx_word' id='word_1_189' title='bbox 362 2624 435 2666; x_wconf 91' lang='lat' dir='ltr'>cum</span> <span class='ocrx_word' id='word_1_190' title='bbox 454 2602 520 2666; x_wconf 88' lang='lat' dir='ltr'>suis</span> <span class='ocrx_word' id='word_1_191' title='bbox 540 2601 679 2665; x_wconf 93' lang='lat' dir='ltr'>navibus</span> <span class='ocrx_word' id='word_1_192' title='bbox 698 2600 802 2665; x_wconf 87' lang='lat' dir='ltr'>dictae</span> <span class='ocrx_word' id='word_1_193' title='bbox 825 2601 952 2666; x_wconf 91' lang='lat' dir='ltr'>insulae</span> <span class='ocrx_word' id='word_1_194' title='bbox 972 2625 1092 2688; x_wconf 91' lang='lat' dir='ltr'>appro-</span> 
     </span>
     <span class='ocr_line' id='line_1_28' title="bbox 65 2689 1091 2774; baseline 0.006 -22"><span class='ocrx_word' id='word_1_195' title='bbox 65 2690 224 2774; x_wconf 89' lang='lat' dir='ltr'>pinquare</span> <span class='ocrx_word' id='word_1_196' title='bbox 248 2694 281 2754; x_wconf 89' lang='lat' dir='ltr'>et</span> <span class='ocrx_word' id='word_1_197' title='bbox 303 2712 369 2754; x_wconf 93' lang='lat' dir='ltr'>non</span> <span class='ocrx_word' id='word_1_198' title='bbox 393 2690 461 2754; x_wconf 90' lang='lat' dir='ltr'>sine</span> <span class='ocrx_word' id='word_1_199' title='bbox 484 2711 561 2753; x_wconf 88' lang='lat' dir='ltr'>suae</span> <span class='ocrx_word' id='word_1_200' title='bbox 585 2689 808 2773; x_wconf 90' lang='lat' dir='ltr'>dispositionis</span> <span class='ocrx_word' id='word_1_201' title='bbox 828 2689 1005 2756; x_wconf 89' lang='lat' dir='ltr'>clementia</span> <span class='ocrx_word' id='word_1_202' title='bbox 1028 2694 1091 2757; x_wconf 91' lang='lat' dir='ltr'>ibi-</span> 
     </span>
     <span class='ocr_line' id='line_1_29' title="bbox 66 2777 1089 2862; baseline 0.008 -22"><span class='ocrx_word' id='word_1_203' title='bbox 66 2777 140 2841; x_wconf 90' lang='lat' dir='ltr'>dem</span> <span class='ocrx_word' id='word_1_204' title='bbox 163 2779 349 2862; x_wconf 83' lang='lat' dir='ltr'>pcrvcnire3</span> <span class='ocrx_word' id='word_1_205' title='bbox 372 2778 427 2862; x_wconf 90' lang='lat' dir='ltr'>qui</span> <span class='ocrx_word' id='word_1_206' title='bbox 451 2777 489 2843; x_wconf 90' lang='lat' dir='ltr'>de</span> <span class='ocrx_word' id='word_1_207' title='bbox 512 2777 694 2862; x_wconf 87' lang='lat' dir='ltr'>perditione</span> <span class='ocrx_word' id='word_1_208' title='bbox 717 2778 864 2861; x_wconf 90' lang='lat' dir='ltr'>ipsorum</span> <span class='ocrx_word' id='word_1_209' title='bbox 884 2779 1013 2846; x_wconf 91' lang='lat' dir='ltr'>miserti</span> <span class='ocrx_word' id='word_1_210' title='bbox 1034 2804 1089 2848; x_wconf 88' lang='lat' dir='ltr'>cos</span> 
     </span>
    </p>
   </div>
   <div class='ocr_carea' id='block_1_3' title="bbox 64 2864 1112 3306">
    <p class='ocr_par' dir='ltr' id='par_1_3' title="bbox 64 2864 1112 3306">
     <span class='ocr_line' id='line_1_30' title="bbox 66 2864 1090 2968; baseline 0.008 -39"><span class='ocrx_word' id='word_1_211' title='bbox 66 2865 106 2928; x_wconf 89' lang='lat' dir='ltr'>ad</span> <span class='ocrx_word' id='word_1_212' title='bbox 120 2865 261 2930; x_wconf 89' lang='lat' dir='ltr'>Romam</span> <span class='ocrx_word' id='word_1_213' title='bbox 274 2867 501 2968; x_wconf 84' lang='lat' dir='ltr'>perduxerunt.</span> <span class='ocrx_word' id='word_1_214' title='bbox 532 2864 607 2950; x_wconf 82' lang='lat' dir='ltr'>Ego</span> <span class='ocrx_word' id='word_1_215' title='bbox 627 2870 735 2931; x_wconf 91' lang='lat' dir='ltr'>autem</span> <span class='ocrx_word' id='word_1_216' title='bbox 755 2869 962 2952; x_wconf 84' lang='lat' dir='ltr'>paupercula,</span> <span class='ocrx_word' id='word_1_217' title='bbox 979 2869 1090 2936; x_wconf 92' lang='lat' dir='ltr'>filium</span> 
     </span>
     <span class='ocr_line' id='line_1_31' title="bbox 65 2954 1112 3039; baseline 0.009 -23"><span class='ocrx_word' id='word_1_218' title='bbox 65 2975 174 3018; x_wconf 89' lang='lat' dir='ltr'>meum</span> <span class='ocrx_word' id='word_1_219' title='bbox 199 2957 331 3019; x_wconf 91' lang='lat' dir='ltr'>omnino</span> <span class='ocrx_word' id='word_1_220' title='bbox 360 2954 538 3038; x_wconf 87' lang='lat' dir='ltr'>perdidisse</span> <span class='ocrx_word' id='word_1_221' title='bbox 562 2955 694 3019; x_wconf 89' lang='lat' dir='ltr'>credens</span> <span class='ocrx_word' id='word_1_222' title='bbox 719 2956 843 3020; x_wconf 89' lang='lat' dir='ltr'>eteius</span> <span class='ocrx_word' id='word_1_223' title='bbox 868 2956 1112 3039; x_wconf 75' lang='lat' dir='ltr'>perdit1onem³</span> 
     </span>
     <span class='ocr_line' id='line_1_32' title="bbox 64 3042 1089 3132; baseline 0.01 -29"><span class='ocrx_word' id='word_1_224' title='bbox 64 3063 122 3126; x_wconf 89' lang='lat' dir='ltr'>per</span> <span class='ocrx_word' id='word_1_225' title='bbox 151 3042 256 3107; x_wconf 91' lang='lat' dir='ltr'>multa</span> <span class='ocrx_word' id='word_1_226' title='bbox 283 3046 433 3128; x_wconf 90' lang='lat' dir='ltr'>tempora</span> <span class='ocrx_word' id='word_1_227' title='bbox 460 3043 580 3107; x_wconf 86' lang='lat' dir='ltr'>deflens</span> <span class='ocrx_word' id='word_1_228' title='bbox 604 3065 642 3108; x_wconf 88' lang='lat' dir='ltr'>ao</span> <span class='ocrx_word' id='word_1_229' title='bbox 669 3043 708 3108; x_wconf 91' lang='lat' dir='ltr'>de</span> <span class='ocrx_word' id='word_1_230' title='bbox 736 3045 805 3108; x_wconf 90' lang='lat' dir='ltr'>eius</span> <span class='ocrx_word' id='word_1_231' title='bbox 828 3048 1089 3132; x_wconf 87' lang='lat' dir='ltr'>recuperatione,</span> 
     </span>
     <span class='ocr_line' id='line_1_33' title="bbox 65 3131 1088 3217; baseline 0.009 -24"><span class='ocrx_word' id='word_1_232' title='bbox 65 3152 162 3215; x_wconf 90' lang='lat' dir='ltr'>quem</span> <span class='ocrx_word' id='word_1_233' title='bbox 180 3131 246 3195; x_wconf 90' lang='lat' dir='ltr'>iam</span> <span class='ocrx_word' id='word_1_234' title='bbox 265 3135 343 3196; x_wconf 90' lang='lat' dir='ltr'>tunc</span> <span class='ocrx_word' id='word_1_235' title='bbox 361 3153 419 3214; x_wconf 92' lang='lat' dir='ltr'>per</span> <span class='ocrx_word' id='word_1_236' title='bbox 438 3133 580 3216; x_wconf 89' lang='lat' dir='ltr'>quinque</span> <span class='ocrx_word' id='word_1_237' title='bbox 598 3154 700 3197; x_wconf 91' lang='lat' dir='ltr'>annos</span> <span class='ocrx_word' id='word_1_238' title='bbox 718 3133 933 3217; x_wconf 81' lang='lat' dir='ltr'>perdideram,</span> <span class='ocrx_word' id='word_1_239' title='bbox 951 3139 1088 3202; x_wconf 91' lang='lat' dir='ltr'>omnino</span> 
     </span>
     <span class='ocr_line' id='line_1_34' title="bbox 65 3219 1087 3306; baseline 0.009 -24"><span class='ocrx_word' id='word_1_240' title='bbox 65 3219 273 3304; x_wconf 87' lang='lat' dir='ltr'>desperata</span> <span class='ocrx_word' id='word_1_241' title='bbox 263 3242 371 3304; x_wconf 86' lang='lat' dir='ltr'>ipsum</span> <span class='ocrx_word' id='word_1_242' title='bbox 393 3242 460 3284; x_wconf 89' lang='lat' dir='ltr'>non</span> <span class='ocrx_word' id='word_1_243' title='bbox 483 3221 587 3286; x_wconf 90' lang='lat' dir='ltr'>multo</span> <span class='ocrx_word' id='word_1_244' title='bbox 553 3224 762 3304; x_wconf 90' lang='lat' dir='ltr'>ttempore</span> <span class='ocrx_word' id='word_1_245' title='bbox 786 3223 899 3306; x_wconf 89' lang='lat' dir='ltr'>elapso</span> <span class='ocrx_word' id='word_1_246' title='bbox 921 3245 989 3288; x_wconf 91' lang='lat' dir='ltr'>una</span> <span class='ocrx_word' id='word_1_247' title='bbox 1014 3248 1087 3291; x_wconf 91' lang='lat' dir='ltr'>cum</span> 
     </span>
    </p>
   </div>
   <div class='ocr_carea' id='block_1_4' title="bbox 39 3428 1086 3577">
    <p class='ocr_par' dir='ltr' id='par_1_4' title="bbox 39 3428 1086 3577">
     <span class='ocr_line' id='line_1_35' title="bbox 132 3428 1086 3512; baseline 0.003 -27.121"><span class='ocrx_word' id='word_1_248' title='bbox 132 3428 334 3502; x_wconf 73' lang='lat' dir='ltr'>lconcepissc</span> <span class='ocrx_word' id='word_1_249' title='bbox 353 3429 396 3496; x_wconf 90' lang='lat' dir='ltr'>D,</span> <span class='ocrx_word' id='word_1_250' title='bbox 407 3428 571 3512; x_wconf 87' lang='lat' dir='ltr'>suscepisse</span> <span class='ocrx_word' id='word_1_251' title='bbox 591 3430 626 3484; x_wconf 97' lang='lat' dir='ltr'>F.</span> <span class='ocrx_word' id='word_1_252' title='bbox 703 3437 737 3486; x_wconf 85' lang='lat'>14</span> <span class='ocrx_word' id='word_1_253' title='bbox 756 3432 784 3485; x_wconf 91' lang='lat' dir='ltr'>ct</span> <span class='ocrx_word' id='word_1_254' title='bbox 798 3447 848 3488; x_wconf 85' lang='lat' dir='ltr'>om.</span> <span class='ocrx_word' id='word_1_255' title='bbox 864 3431 902 3488; x_wconf 88' lang='lat' dir='ltr'>F.</span> <span class='ocrx_word' id='word_1_256' title='bbox 981 3440 1017 3490; x_wconf 78' lang='lat'>26</span> <span class='ocrx_word' id='word_1_257' title='bbox 1036 3451 1086 3506; x_wconf 84' lang='lat' dir='ltr'>ap·</span> 
     </span>
     <span class='ocr_line' id='line_1_36' title="bbox 39 3499 581 3577; baseline 0 -21"><span class='ocrx_word' id='word_1_258' title='bbox 39 3501 245 3575; x_wconf 80' lang='lat' dir='ltr'>propinquare</span> <span class='ocrx_word' id='word_1_259' title='bbox 265 3502 309 3577; x_wconf 77' lang='lat' dir='ltr'>F,</span> <span class='ocrx_word' id='word_1_260' title='bbox 328 3499 525 3577; x_wconf 81' lang='lat' dir='ltr'>propinquare</span> <span class='ocrx_word' id='word_1_261' title='bbox 544 3502 581 3557; x_wconf 90' lang='lat' dir='ltr'>D.</span> 
     </span>
    </p>
   </div>
   <div class='ocr_carea' id='block_1_5' title="bbox 0 0 1182 3846">
    <p class='ocr_par' dir='ltr' id='par_1_5' title="bbox 0 0 1182 3846">
     <span class='ocr_line' id='line_1_37' title="bbox 0 0 1182 3846; baseline 0 2"><span class='ocrx_word' id='word_1_262' title='bbox 0 0 1182 3846; x_wconf 95' lang='lat' dir='ltr'> </span> 
     </span>
    </p>
   </div>
  </div>
 </body>
</html>
