2356 3846
497 175 789 247 -12—‘

95 345 266 430 cunctique
298 344 420 409 terreni
452 343 576 408 domini
607 342 715 421 heres,
752 343 857 407 omnis
892 342 1117 427 generationis

93 437 227 499 nostrae
249 433 407 498 memoria
430 455 467 498 ae
492 433 593 498 totius
616 432 746 497 futurae
771 432 976 517 posteritatis
1002 432 1117 497 archa!

95 522 136 606 O,
155 523 197 607 si,
216 522 301 606 quod
321 522 421 607 absit,
439 521 548 606 aliquo
567 520 772 586 infelicitatis
794 542 871 586 casu
893 521 956 586 viis
977 525 1011 586 et
1029 520 1117 586 votis

94 611 161 676 tuis
181 611 362 676 obsistente
384 614 417 676 te
440 611 573 696 perdere
591 632 651 677 nos
671 610 891 696 contingeret,
916 609 1031 674 exinde
1051 631 1119 676 non

95 700 201 765 solum
225 699 400 765 cuiuslibet
423 699 537 766 solacii
557 700 731 785 refugium,
752 721 865 766 verum
888 699 990 764 etiam
1012 700 1144 764 totiuss

93 789 299 874 posteritatis
313 793 447 855 nostrae
462 790 596 854 exitium
611 789 843 874 deferensque
859 788 900 853 ad
913 788 1014 853 finem
1029 789 1118 854 vitae

94 881 227 943 nostrae
245 878 476 943 miserabiliter
495 879 631 964 dignum
649 881 736 944 esset
753 899 813 944 nec
826 878 915 942 ultra
929 877 1042 943 vivere
1062 877 1119 943 sed

95 968 179 1032 mori
205 967 292 1032 foret
316 990 335 1032 a
363 967 423 1032 deo
448 967 524 1032 altis
551 967 698 1053 suspiriis
728 967 841 1032 sedulo
867 966 1118 1050 postulandum

94 1056 218 1121 nullius
243 1056 411 1121 solaminis
435 1057 605 1140 sperefici
629 1057 685 1121 sed
708 1057 812 1121 totius
832 1055 1062 1121 tribulationis
1086 1061 1118 1120 et

96 1146 265 1230 angustiae
303 1145 390 1210 affici
426 1144 560 1230 dignum
597 1146 752 1210 ducerent
787 1145 827 1210 de
869 1149 978 1210 cetero
1021 1145 1117 1210 corda
1131 1167 1153 1208 11

95 1237 218 1299 nostra.
261 1231 355 1298 Oculi
377 1234 484 1298 nostri
501 1235 610 1299 vultus
633 1235 684 1299 tui
707 1234 830 1299 lumine
852 1234 1117 1318 praeclarissimo

95 1322 284 1407 depraedati
299 1322 460 1389 continuis
475 1322 682 1388 lacrimarum
701 1323 848 1388 fontibus
866 1323 970 1388 facies
984 1326 1116 1388 nostras

96 1412 234 1496 irrigare
260 1411 424 1476 uberrime
451 1413 568 1477 merito
599 1417 799 1497 cogerentur.
846 1411 953 1477 Aures
985 1416 1116 1477 nostras

97 1500 210 1565 audito
229 1504 306 1565 tuae
324 1499 515 1584 perditionis
535 1522 612 1566 casu
630 1501 754 1566 infelici
773 1506 931 1567 terrorem
951 1500 1116 1566 dolorissi·

96 1612 185 1654 mum
212 1590 355 1673 recipere
384 1593 417 1654 et
444 1590 564 1656 habere
589 1611 717 1675 semper
740 1594 773 1655 et
797 1591 1000 1655 incessanter
1025 1610 1149 1673 opor-15

96 1681 181 1743 teret
200 1681 361 1743 necessat
380 1678 511 1762 aliquod
531 1700 703 1763 corporum
717 1683 905 1744 nostrorum
924 1678 1115 1760 membrum,

97 1767 182 1852 quod
201 1770 271 1832 tam
284 1766 461 1831 nefandum
480 1768 686 1832 infelicitatis
701 1790 811 1833 casum
828 1767 1035 1832 amarissime
1052 1789 1116 1832 non

96 1856 238 1921 defleret.
275 1855 320 1919 Et
340 1856 381 1939 si,
401 1856 486 1940 quod
505 1856 601 1940 absit,
625 1856 756 1941 aliquod
774 1856 851 1922 talis
870 1856 907 1920 in
925 1857 1116 1940 corporibus

95 1945 219 2011 nostris
238 1944 444 2009 infedilitatis
463 1945 645 2010 membrum
663 1945 797 2029 reperiri
816 1945 1033 2029 contingeret,
1054 1945 1116 2010 hoc

98 2037 185 2099 esset
207 2034 320 2116 procul
344 2033 443 2098 dubio
466 2034 586 2099 iudicio
609 2034 760 2117 protinus
784 2033 1041 2099 abscidendum'.
1128 2057 1150 2097 11

44 2115 86 2180 18
185 2121 248 2186 Η11
279 2125 312 2186 11
341 2122 527 2187 huiusmodi
560 2123 737 2215 plangendi
764 2123 869 2189 modis
897 2123 978 2206 ipsis
1008 2123 1116 2188 multi·

96 2210 296 2295 plicantibus
325 2216 358 2275 et
384 2212 473 2275 ultra
501 2233 599 2295 quam
627 2212 690 2277 dici
716 2213 823 2296 possit
850 2212 1118 2278 continuantibus

95 2302 313 2384 pervenerunt
343 2300 383 2364 ad
413 2303 551 2386 portam.
595 2300 640 2366 Et
667 2301 779 2366 navim
806 2302 997 2384 deputatam
1024 2301 1118 2366 nobi·

96 2389 214 2454 lissimi
234 2389 387 2474 coniuges
405 2391 618 2454 intraverunt.
655 2389 701 2454 Et
720 2390 977 2455 valedicentibus
1002 2410 1119 2475 paren·

95 2479 184 2543 tibus
212 2477 357 2562 ipsisque
385 2500 497 2544 rursus
525 2478 775 2544 valedictionem
802 2478 1038 2544 lacrimabilem
1070 2499 1154 2545 11-11

95 2566 276 2631 ferentibus
299 2571 497 2632 mercatores
516 2568 652 2652 pessimi
674 2569 791 2633 erectis
814 2568 897 2633 velis
917 2572 951 2632 et
968 2568 1118 2654 remigiis

45 2655 794 2831 19aptalfsadddlrdlbuliivtiddifriidiairriblgna
812 2749 906 2830 parte
925 2746 1025 2811 maris
1050 2746 1119 2812 iam

96 2832 223 2916 regioni
254 2832 477 2898 Romanorum
512 2835 773 2920 appropinquare
805 2835 999 2919 inciperent,
1032 2857 1118 2902 mer·

97 2923 223 2985 catores
250 2921 324 2986 vela
353 2944 481 2988 sursum
508 2924 655 2989 levantes
682 2946 781 2989 naves
810 2924 851 2988 ad
879 2924 1043 3009 quandam
1072 2925 1119 2990 in·
1132 2946 1156 2986 se

97 3007 203 3073 sulam
226 3011 410 3095 parvulam,
434 3034 516 3096 quae
535 3013 633 3077 nullis
652 3013 902 3078 inhabitabatur
926 3013 1119 3080 hominibus

97 3097 152 3162 sed
170 3098 306 3181 rupibus
325 3103 359 3164 et
380 3101 506 3165 rubetis
524 3101 657 3167 incultis
674 3105 707 3167 et
725 3102 895 3167 horrendis
915 3101 1120 3169 exuberabat

169 3334 200 3383 13
220 3329 332 3382 nostras
354 3329 397 3395 D,
420 3331 533 3384 nostrae
556 3328 593 3383 F.
668 3335 700 3385 17
723 3329 906 3399 nephandum
929 3331 1005 3387 codd.
1084 3336 1117 3386 18

89 3398 191 3454 talium
218 3401 294 3458 codd.
381 3406 414 3456 19
441 3399 599 3471 contigeret
624 3402 700 3456 codd.
780 3407 813 3454 21
840 3401 896 3454 hiis
922 3402 999 3456 codd.
1082 3408 1117 3457 23

75 3471 177 3528 navim
193 3476 273 3534 codd.
293 3476 325 3549 (l)
402 3480 437 3533 25
452 3471 659 3531 valedictionis
673 3471 995 3539 codd.,valcdict'xonem
1004 3475 1111 3529 11111111·
