2356 3846
253 162 508 219 HISTORIARUM
525 161 741 218 ALEXANDRI
761 162 816 232 IV,
837 169 878 218 13.
1027 159 1069 224 67

56 321 249 391 noctemque
272 307 365 371 vvelut
391 307 426 371 in
452 328 524 370 cam
551 306 724 370 certamine
752 306 855 370 edicto
883 307 971 369 metu
999 325 1070 389 ege·

56 399 143 460 runt.
188 394 371 459 Alexander
397 415 465 459 uon
490 395 569 458 alias
592 394 697 478 magis
718 395 852 458 territus
875 393 914 458 ad
938 396 1015 457 vcta
1038 396 1071 458 et
1090 410 1122 461 16

56 504 168 568 preces
182 482 410 548 Aristandrum
433 483 541 546 vocari
563 481 662 546 iubet
697 481 756 546 Ille
774 482 808 546 in
828 481 965 561 candida
981 483 1070 545 veste
1157 493 1161 497 ’

56 571 215 636 verbenas
232 593 332 635 manu
349 571 535 654 praeferens
553 571 657 653 eapite
676 570 783 633 velato
798 569 946 653 praeibat
959 590 1068 653 preces

56 659 126 744 regi
161 657 273 724 Iovem
308 657 550 741 Minervamque
587 663 617 722 ct
651 655 829 722 Victoriam
869 657 1069 741 propitianti.

57 745 149 811 iimo
172 746 301 830 quidem
324 746 478 811 sacrificio
501 746 563 809 rite
584 749 769 830 perpetrato
787 746 946 828 reliquum
963 745 1068 809 noctis
1090 763 1123 812 16

58 834 266 919 adquieturus
288 835 324 898 in
345 833 589 898 tabernaculum
612 834 714 898 rediit.
753 830 815 896 Sed
837 854 896 897 nec
920 854 1069 897 somnum

58 943 172 1005 capere
194 943 255 987 nec
277 922 417 1006 quietem
439 923 508 1005 pati
530 925 670 1004 poterat:
694 920 789 985 modo
813 942 830 984 e
850 921 927 1005 iugo
949 921 1070 985 montis

58 1011 159 1074 aciem
181 1010 216 1073 in
238 1010 386 1074 dextrum
407 1009 577 1073 Persarum
601 1030 701 1074 cornu
724 1008 891 1072 demittere
914 1008 1070 1093 agitabat,

57 1096 154 1162 modo
174 1100 264 1162 recta
281 1097 389 1162 fronte
406 1117 593 1162 concurrere
609 1096 705 1179 hosti,
727 1096 889 1160 interdum
902 1095 1070 1180 haesitare,

58 1206 99 1249 an
122 1186 232 1269 potius
246 1186 289 1248 in
307 1187 434 1249 laevum
452 1185 655 1268 detorqueret
674 1204 799 1268 agmen.
834 1182 980 1247 Tandem
996 1203 1068 1267 gra·
1089 1200 1120 1249 17

57 1277 170 1337 vatum
193 1273 294 1337 animi
317 1273 478 1337 anxietate
501 1293 617 1355 corpus
636 1272 732 1336 altior
751 1293 882 1336 somnus
901 1271 1069 1355 oppressit.

145 1359 280 1444 Iamque
297 1360 369 1425 luae
387 1363 460 1426 orta
474 1359 570 1424 duces
585 1360 626 1424 ad
645 1360 831 1443 accipienda
846 1360 980 1442 imperia
994 1380 1069 1423 con·
1123 1377 1126 1381 ’

57 1451 215 1514 venerant
244 1448 377 1513 insolito
414 1449 498 1512 circa
532 1448 729 1531 praetorium
764 1447 891 1511 silentio
924 1447 1068 1510 attoniti:

58 1537 177 1620 quippe
199 1537 279 1600 alias
302 1556 462 1600 accersere
485 1536 574 1618 ipsos
597 1539 630 1599 et
651 1534 812 1599 interdum
833 1537 995 1598 morantes
1017 1556 1067 1599 ca·
1088 1550 1121 1600 18

58 1625 178 1709 stigare
200 1623 398 1708 adsueverat,
422 1627 563 1688 tuncne
586 1623 700 1687 ultimo
724 1623 853 1705 quidem
875 1643 982 1686 rerum
1006 1622 1068 1686 dis·

58 1713 190 1777 crimine
229 1713 403 1776 excitatum
440 1733 509 1777 csse
544 1712 746 1775 mirabantur
781 1714 814 1774 et
850 1731 917 1773 non
954 1731 1068 1775 somno

58 1801 234 1886 quiescere,
256 1801 313 1864 sed
335 1820 453 1883 parcre
477 1820 617 1863 marcere
641 1798 821 1863 credebant
862 1796 938 1861 Non
959 1802 1069 1862 tamen
1090 1815 1122 1864 12

58 1889 228 1972 quisquam
251 1908 290 1951 ex
312 1887 497 1952 custodibus
520 1888 663 1970 corporis
685 1887 807 1949 intrare
825 1886 1069 1949 tabernaculum

57 1977 210 2041 audebat:
242 1979 275 2040 et
304 1975 370 2038 iam
400 1979 528 2058 tempus
560 1974 704 2038 instabat
731 1995 790 2037 nec
821 1973 912 2037 miles
944 1973 1070 2037 iniussu

57 2064 147 2128 ducis
170 2067 228 2127 aut
249 2085 340 2127 arma
362 2083 475 2145 capere
497 2065 626 2145 poterat
646 2065 703 2125 aut
719 2061 754 2124 in
770 2061 898 2125 ordines
913 2061 967 2125 ire.
1003 2059 1068 2126 Diu
1087 2078 1121 2126 2ο

56 2150 228 2216 Parmenio
252 2154 434 2234 cunctatus,
458 2150 565 2214 cibum
586 2153 624 2213 ut
647 2152 812 2232 caperent,
834 2149 903 2232 ipsc
926 2170 1069 2232 pronun-

56 2240 126 2304 tiat.
170 2238 305 2322 Iamque
332 2238 417 2302 exire
443 2258 573 2303 necesse
601 2241 683 2301 erat:
715 2241 794 2301 tunc
817 2238 945 2300 demum
968 2237 1070 2301 intrat

55 2327 302 2392 tabernaculum
326 2326 527 2410 saepiusque
563 2325 693 2390 nomine
730 2325 959 2408 conpellatum,
995 2346 1069 2389 cum

56 2437 135 2480 vcce
160 2434 228 2480 non
250 2416 373 2498 posset,
399 2415 488 2477 tactu
511 2413 671 2477 excitavit.
717 2410 831 2476 ‘Multa
853 2411 930 2496 lux',
953 2413 1068 2496 inquit,
1087 2428 1121 2479 21

57 2501 132 2569 ‘est:
159 2503 351 2566 instructam
373 2502 474 2565 aciem
495 2500 599 2565 hostis
623 2500 777 2564 admovit:
800 2503 876 2564 tuus
898 2499 991 2563 miles
1015 2499 1069 2563 ad-

55 2590 120 2656 hue
151 2590 282 2655 inermis
314 2591 463 2673 expectat
492 2589 670 2672 imperium.
718 2586 785 2652 Ubi
816 2591 866 2650 est
895 2588 989 2671 rigor
1014 2589 1069 2651 ille

57 2678 158 2743 animi
187 2677 264 2742 tui?
302 2698 419 2760 nempe
448 2677 586 2741 excitare
614 2676 728 2760 vigiles
756 2673 863 2739 solea’
909 2674 962 2738 Ad
988 2674 1068 2739 haec
1087 2693 1121 2742 22

56 2765 259 2831 Alexander:
295 2763 465 2830 ‘Credisne
496 2785 547 2828 me
575 2764 664 2847 prius
694 2784 843 2827 somnum
873 2783 985 2846 capere
1011 2784 1069 2846 po-

55 2855 171 2937 tuisse,
203 2875 300 2937 quam
331 2852 529 2917 exonerarim
559 2851 702 2915 animum
730 2850 957 2933 sollicitudine,
987 2872 1069 2934 quae

57 2943 198 3026 quietem
216 2939 436 3006 morabatur?
460 2941 651 3024 signumque
671 2959 800 3022 pugnae
821 2938 901 3002 tuba
918 2938 987 3002 dari
1004 2939 1069 3003 ius·

57 3032 108 3095 sit
144 3029 285 3094 Etcum
308 3029 343 3092 in
365 3028 476 3092 eadem
500 3027 711 3091 admiratione
729 3025 899 3090 Parmenio
922 3048 1066 3109 perseve·
1087 3043 1121 3092 23

56 3121 152 3203 rarat,
175 3117 261 3201 quod
283 3117 426 3182 solutum
448 3136 482 3180 so
505 3116 590 3179 curis
613 3135 762 3179 somnum
786 3114 907 3197 cepisse
928 3114 1069 3198 dixisset,

57 3203 233 3289 ‘Minime',
258 3203 372 3289 inquit,
400 3203 529 3268 ‘mirum
551 3207 614 3267 est:
638 3223 697 3286 ego
722 3202 822 3286 enim,
848 3222 922 3265 cum
943 3200 1068 3267 Dareus

56 3298 178 3360 terram
200 3296 317 3376 ureret,
338 3293 425 3357 vicos
448 3290 642 3375 excinderet,
664 3291 818 3354 alimenta
840 3293 1068 3373 corrumperet,

57 3385 174 3466 potens
201 3381 266 3445 mei
286 3401 354 3445 non
377 3401 480 3444 eram:
512 3399 599 3443 nune
620 3399 696 3443 vero
719 3377 795 3462 quid
818 3381 972 3460 metuam,
996 3399 1068 3441 cum
1088 3396 1118 3447 24

58 3471 126 3535 acie
148 3470 318 3534 decernere
340 3467 454 3552 paret?
482 3466 634 3550 Hercule,
660 3468 771 3530 votum
794 3487 901 3529 meum
923 3465 1070 3547 inplevit.

58 3555 119 3625 sec
141 3558 240 3622 buius
261 3556 387 3622 consilii
409 3558 528 3644 postea
550 3577 681 3645 quoque
700 3555 792 3621 ratio
809 3553 983 3685 rebbetpx.
1009 3548 1098 3606 &aa
1108 3561 1157 3604 aa

909 3658 932 3705 s
