2356 3846
268 158 522 215 HISTORIARUM
539 159 754 214 ALEXANDRI
772 159 819 227 VI,
837 167 862 216 4.
1006 160 1069 226 123

54 303 231 389 peregrino
246 302 346 368 militi
358 303 485 368 tradere
499 302 654 368 damnata
666 303 873 388 popularium
887 304 958 388 fide,
972 327 1069 388 quam

56 413 115 477 per
133 391 289 457 ducentos
314 394 347 456 et
365 391 503 475 triginta
520 413 621 456 annos
639 392 830 456 inviolatam
848 392 980 477 regibus
1002 394 1069 457 suis

55 480 306 563 praestitissent=
344 477 385 545 Se
404 481 439 544 in
455 480 624 564 praecipiti
643 483 676 543 et
694 479 817 544 lubrico
837 483 976 546 stantem
995 502 1069 545 con·
1089 491 1122 540 10

58 568 169 633 silium
192 590 212 632 a
233 569 398 652 praesenti
416 569 610 633 necessitate
628 567 794 653 repetisse.
830 568 974 634 Dareum
992 590 1070 652 quo·

57 677 133 741 que,
163 678 236 721 cum
270 655 441 721 occidisset
467 655 617 740 Bagoan,
648 655 709 720 bac
742 657 946 721 excusatione
974 658 1070 722 satis-

56 743 173 808 fecisse
211 744 437 828 popularibus,
477 744 563 828 quod
600 743 808 808 insidiantem
843 745 1071 810 interemisset.

55 830 150 896 Nihil
183 853 253 896 esse
285 833 413 896 miseris
442 832 635 897 mortalibus
664 833 782 916 spiritu
809 833 928 897 carius:
962 855 1070 900 amore
1090 846 1123 893 11

57 921 127 984 eius
157 919 197 984 ad
214 919 343 998 „ultima
370 940 440 985 esse
466 921 667 1005 propulsum.
713 918 775 984 Sed
804 942 842 984 ea
869 921 975 1005 magis
1000 943 1071 987 csse

57 1011 217 1090 secutum,
243 1029 322 1090 qceoe
348 1028 423 1090 opus
448 1009 570 1091 subnot,
595 1028 691 1090 quom
719 1030 800 1091 quae
828 1011 983 1092 optasset.
1032 1008 1072 1072 In
1091 1021 1124 1071 12

57 1096 221 1161 communi
239 1096 425 1161 calamitate
448 1118 540 1161 suam
571 1118 728 1180 quemque
754 1096 874 1160 habere
896 1097 1071 1161 fortunam.

60 1181 229 1248 siverim
253 1205 287 1249 se
309 1184 449 1266 iuberet,
473 1185 541 1249 sine
564 1188 654 1253 metu
677 1206 748 1250 esse
770 1189 951 1249 venturum.
996 1183 1072 1251 Non

57 1272 188 1354 timere,
214 1292 256 1336 ne
282 1271 380 1336 fidem
408 1272 516 1337 datam
544 1276 657 1337 tantus
685 1293 742 1337 rex
769 1273 920 1338 violaret:
949 1272 1070 1337 deosa

57 1359 118 1425 deo
146 1358 218 1423 falli
244 1381 311 1424 non
340 1360 455 1425 solere.
507 1358 658 1425 Ceterum
688 1361 730 1444 si,
763 1361 814 1425 cui
843 1360 940 1425 fidem
969 1361 1069 1439 daret,
1090 1365 1123 1412 13

57 1446 220 1520 videretur
233 1447 395 1532 indignus,
409 1448 514 1513 multa
527 1449 624 1512 exilia
636 1452 748 1531 patere
761 1448 914 1533 fugientiz
930 1450 1071 1533 patriam

58 1556 144 1615 esse,
171 1535 364 1619 ubicumque
392 1536 443 1599 vir
471 1535 567 1599 fortis
595 1535 703 1600 sedem
727 1537 790 1600 sibi
813 1537 957 1620 elegerit.
1001 1537 1071 1602 Nec
1092 1540 1125 1588 14

60 1623 225 1687 dubitavit
248 1623 430 1687 Alexander
452 1623 562 1705 fidem,
590 1644 653 1707 quo
677 1623 794 1688 Persae
817 1625 912 1688 modo
934 1625 1071 1707 aecipie-

59 1711 151 1791 bant,
178 1710 265 1794 dare,
285 1711 491 1795 inviolatum,
515 1712 544 1776 si
566 1712 721 1794 venisset,
744 1711 822 1776 fore.

9 1802 49 1867 12
152 1797 317 1875 Quadrato
339 1802 410 1863 tum
429 1800 558 1882 agmine
578 1803 611 1863 et
629 1801 808 1883 composito
828 1799 907 1884 ibat,
930 1801 1072 1883 specula-

59 1894 150 1952 tores
170 1887 304 1952 subinde
325 1888 548 1970 praemittens,
567 1889 623 1971 qui
642 1888 847 1971 explorarent
865 1889 946 1952 loca.
976 1887 1072 1953 Levis
1091 1898 1124 1948 15

58 1979 225 2040 armatura
256 1974 392 2041 ducebat
425 1995 557 2060 agmen,
587 1975 730 2059 phalanx
764 1997 835 2041 eam
868 1975 1072 2060 sequebatur,

57 2067 134 2148 post
152 2063 277 2146 pedites
302 2068 394 2128 erant
416 2063 645 2146 inpedimenta,
689 2062 735 2127 Et
757 2082 836 2146 gens
860 2063 1016 2128 bellicosa
1038 2069 1072 2129 et

56 2154 195 2216 naturae
223 2151 289 2216 situ
315 2150 458 2216 difficilis
486 2151 577 2215 aditu
604 2151 686 2233 rqio
713 2171 826 2216 euram
852 2152 938 2236 regis
966 2152 1071 2216 inten-

57 2239 161 2304 derat
209 2236 359 2322 Namque
385 2241 543 2322 perpetua
569 2238 664 2303 vallis
686 2239 771 2303 iacet
793 2261 893 2323 usque
917 2238 958 2304 ad
980 2262 1069 2304 marc
1091 2253 1123 2302 16

57 2324 214 2409 Caspium
245 2329 375 2410 patens,
405 2346 464 2408 quo
496 2326 558 2390 duo
590 2329 697 2391 terrae
725 2327 794 2391 eius
821 2327 912 2391 velut
937 2327 1072 2392 brachia

59 2416 245 2479 excurrunt:
280 2413 386 2478 media
416 2415 502 2479 flexu
528 2414 653 2480 modico
687 2415 794 2479 sinum
825 2415 949 2480 faciunt
976 2416 1071 2480 lunae

57 2503 200 2566 maxime
223 2501 371 2584 similem,
394 2523 467 2566 cum
490 2503 634 2567 eminent
656 2523 776 2567 cornua
798 2502 940 2567 nondum
963 2507 1072 2567 totum

58 2590 173 2656 orbem
187 2588 291 2654 sidere
304 2590 457 2673 inplente.
494 2587 647 2654 Cereatae
666 2594 699 2654 et
711 2590 842 2673 Mosyni
861 2595 894 2655 et
907 2589 1071 2674 Chalybes
1091 2612 1124 2661 11

58 2701 79 2744 a
106 2677 202 2742 laeva
229 2681 317 2761 sunt,
345 2681 378 2742 et
406 2679 447 2742 ab
472 2678 576 2742 altera
598 2682 692 2761 parte
715 2678 892 2761 Leucosyri
919 2683 951 2742 et
973 2676 1070 2743 Ama-

57 2787 177 2831 zonum
205 2766 325 2849 campi:
353 2769 386 2830 et
411 2766 502 2849 illos,
525 2788 589 2849 qua
610 2765 717 2850 vergit
744 2765 785 2831 ad
808 2766 1072 2850 septentrionem,

58 2854 122 2921 hos
145 2853 187 2918 ad
210 2874 358 2919 occasum
381 2874 538 2919 conversa
560 2857 754 2938 prospectat.
801 2853 891 2918 Mare
915 2853 1071 2938 Caspium
1092 2882 1125 2933 18

58 2941 186 3008 dulcius
213 2942 329 3007 ceteris
359 2942 504 3026 ingentis
535 2942 769 3026 magnitudinis
801 2947 966 3025 serpentes
998 2943 1072 3008 alit:

57 3031 199 3114 piscium
221 3031 255 3095 in
278 3052 316 3096 eo
340 3031 437 3113 longe
460 3030 605 3095 diversus
631 3030 671 3094 ab
692 3031 765 3094 aliis
784 3032 872 3095 color
893 3034 952 3096 est.
998 3030 1073 3106 Qui·

58 3119 134 3184 dam
154 3117 318 3202 Caspium,
341 3119 471 3202 quidam
489 3118 689 3202 Hyrcanium
708 3119 886 3202 appellant:
910 3120 966 3183 alii
987 3123 1073 3203 sunt,

57 3209 115 3292 qui
129 3205 306 3272 Maeotiam
324 3205 474 3290 paludem
490 3207 527 3272 in
543 3207 577 3271 id
596 3209 709 3272 cadere
727 3211 843 3290 putent
857 3212 891 3272 et
904 3227 1073 3291 argumen-

57 3300 130 3361 tum
164 3295 314 3360 adferant
345 3315 475 3381 aquam,
507 3295 592 3380 quod
619 3295 742 3360 dulcior
771 3296 816 3360 sit
842 3317 939 3379 quam
966 3299 1073 3360 cetera

57 3384 177 3467 meria,
208 3383 315 3448 infuso
343 3382 471 3467 paludis
499 3382 635 3448 humore
662 3384 839 3449 mitescere.
888 3385 918 3447 A
946 3386 1125 3467 septen-19

57 3473 167 3539 trione
189 3471 343 3557 ingruens
366 3472 401 3536 in
423 3471 503 3537 litus
525 3493 615 3536 mare
637 3473 796 3537 incumbit
818 3473 979 3556 longeque
1003 3473 1073 3552 agit

57 3561 177 3627 fluetus
199 3563 233 3626 et
250 3581 368 3647 magna
385 3564 481 3647 parte
500 3563 697 3629 exaestuans
719 3563 875 3644 stagnat,
902 3559 1013 3619 tuem
1024 3556 1099 3612 auxo
