2356 3846
472 205 668 270 ..3-

56 369 130 434 suis
150 368 193 433 ad
210 390 374 434 recessum
400 390 435 434 se
455 369 663 452 disponentes
683 369 716 431 et
736 369 869 449 accepta
887 365 1019 430 licentia
1039 367 1080 431 ab

56 458 193 542 hospite
216 456 331 523 domus
355 456 395 523 de
412 458 492 523 urbe
512 459 724 523 recesserunt.
768 453 850 521 cum
869 455 987 540 quibus
1007 476 1080 520 eum

58 548 211 632 praefata
247 546 373 612 Helena
408 547 557 612 recedere
592 545 706 630 vellet,
742 544 863 628 hospes
896 545 925 609 ei
957 545 1081 610 furtum

59 636 229 703 cuiusdam
248 658 326 702 suae
339 636 387 700 rei
405 658 502 721 quam
517 635 580 700 sibi
594 634 736 699 furatam
751 634 892 698 asseruit
910 634 1080 719 imponens

34 726 171 810 tipsam
203 747 301 810 quam
334 726 372 789 de
400 747 438 790 ea
465 725 540 809 plus
569 724 642 789 aliis
675 726 860 808 suspectam
892 722 1013 788 habere
1046 745 1080 788 se

61 814 147 880 dixit
174 835 341 899 quousque
370 836 438 879 rem
467 836 559 878 suam
586 815 806 897 recuperaret,
835 812 874 876 de
901 812 998 878 domo
1022 834 1081 877 sua

62 903 205 969 dimissis
243 903 315 967 ahis
353 904 420 968 suis
453 903 610 968 consociis
642 903 790 967 recedere
821 922 888 965 non
921 900 1079 985 permisit.

63 990 169 1059 Sociis
196 1013 272 1057 vero
302 992 370 1057 eius
399 1014 436 1057 ea
465 1014 537 1057 cum
561 1012 680 1076 magno
704 991 827 1056 eiulatu
853 990 1008 1055 derelicta
1032 1012 1080 1055 re·

63 1081 251 1147 cedentibus
266 1081 393 1166 cogitur
407 1081 605 1166 paupercula
619 1081 689 1146 sola
703 1101 879 1144 remanere.
903 1079 1080 1145 Recessum

29 1185 52 1226 1⁰
62 1191 139 1236 vero
159 1170 321 1235 sociorum
335 1171 525 1254 imperatori
539 1171 689 1234 nuntiato
706 1170 886 1253 imperator
898 1169 968 1252 ipse
984 1172 1081 1252 capta

64 1258 309 1344 opportunitate
327 1260 417 1323 venit
436 1260 476 1323 acl
495 1260 626 1324 domum
645 1259 785 1343 hospitis
804 1280 903 1342 supra
922 1257 1001 1322 dicti
1020 1258 1080 1322 ibi·

64 1370 125 1433 que
152 1347 381 1432 pauperculam
410 1348 592 1413 solitariam
621 1349 787 1412 inventam
810 1350 967 1431 tanquam
991 1346 1080 1410 canis

63 1436 195 1503 rabidus
225 1437 418 1523 aggrediens
447 1459 587 1522 suaeque
617 1436 763 1501 libidinis
786 1435 935 1501 fomitem
960 1436 1081 1500 satiare

63 1526 195 1611 cupiens
211 1526 373 1609 oppressit
388 1526 520 1611 eiusque
538 1525 714 1610 pudicitiae
732 1525 846 1589 florem
868 1546 907 1588 ea
925 1528 1081 1609 quantum

28 1616 180 1699 ”potuit
198 1615 358 1679 renitente
387 1615 524 1680 abstulit
551 1615 719 1680 violenter.
762 1614 946 1696 Imperator
974 1617 1081 1678 autem

61 1705 193 1789 expleto
217 1725 276 1768 suo
299 1703 475 1769 libidinoso
500 1707 618 1768 conatu
638 1703 770 1788 eiusque
790 1701 958 1767 desideriis
983 1703 1080 1767 satia·

59 1795 113 1858 tus
140 1791 255 1858 videns
283 1791 443 1856 Helenam
474 1793 513 1857 de
542 1815 577 1857 re
607 1794 795 1877 perpetrata
822 1812 921 1874 super
948 1791 1080 1856 modum

59 1882 227 1947 dolentem
251 1884 283 1945 et
313 1881 479 1946 turbatam
503 1881 770 1965 amarissimeque
792 1880 924 1944 flentem
949 1901 986 1945 ac
1009 1883 1080 1944 tan-

58 1975 130 2037 tam
153 1971 189 2035 in
212 1970 285 2054 ipso
310 1974 384 2034 actu
407 1973 439 2033 et
461 1969 704 2054 posthabuisse
729 1973 762 2034 et
783 1968 904 2034 habere
931 1990 1082 2034 verecun-

17 2066 45 2112 ’θ
59 2059 150 2125 diam
175 2059 262 2143 cepit
284 2059 447 2144 inquirere
468 2058 656 2124 admirando
675 2057 759 2122 unde
778 2061 811 2123 et
834 2080 916 2142 quae
936 2061 1023 2123 esset
1047 2061 1080 2122 et

59 2148 131 2215 eius
156 2147 361 2214 condiciones
386 2152 419 2213 et
443 2168 545 2234 genus
566 2147 706 2213 sollicite
730 2146 895 2231 indagare.
931 2146 978 2211 Et
995 2169 1080 2211 com·

58 2241 155 2322 perto
177 2236 263 2321 quod
285 2236 381 2302 fidem
401 2234 525 2302 Christi
544 2237 666 2303 coleret
688 2235 766 2301 licet
788 2236 858 2319 ipse
883 2236 1080 2321 gentilitatis

58 2328 229 2393 teneretur
252 2347 375 2409 errore,
403 2326 557 2391 misertus
581 2326 644 2391 sibi
668 2325 828 2410 quoddam
852 2329 1081 2390 ornamentum

58 2415 163 2480 mirae
181 2415 396 2499 pretiositatis
412 2437 449 2480 ac
464 2436 542 2479 auro
561 2414 799 2498 pretiosissimo
818 2414 1079 2496 pretiosissimis·

10 2509 44 2559 ²⁵
58 2526 122 2590 que
150 2504 287 2590 gemmis
319 2503 550 2588 compositum,
580 2524 643 2587 quo
672 2502 731 2567 illo
758 2505 905 2586 tempore
934 2503 996 2567 soli
1019 2502 1078 2566 im-

56 2597 226 2678 peratores
240 2592 275 2657 in
289 2592 434 2657 humeris
450 2592 560 2656 ornari
578 2595 827 2674 consueverunt,
843 2612 915 2655 cum
938 2590 1080 2676 quodam

58 2681 181 2749 annulo
207 2681 458 2765 pretiosissimo,
491 2703 586 2765 quem
614 2680 648 2744 in
681 2702 740 2744 sua
772 2680 925 2766 gestabat
950 2680 1080 2766 dextra,

58 2771 195 2838 donarit
218 2772 252 2834 et
275 2771 417 2835 recessit.

148 2859 350 2943 Pauperoula
378 2862 488 2924 autem
517 2859 660 2925 sentiens
694 2858 732 2923 de
760 2858 922 2942 imperiali
955 2857 1114 2924 semiped

10 2960 93 3016 sose
112 2948 298 3032 concepisse
317 2952 445 3014 tantam
463 2949 498 3013 in
517 2970 552 3013 se
569 2948 795 3013 verecundiam
815 2947 972 3031 concepit,
992 2950 1079 3033 quod

56 3039 100 3104 ad
122 3037 269 3103 natalem
291 3039 433 3121 patriam
456 3059 621 3123 nunquam
645 3059 679 3103 se
705 3058 910 3102 reversurum
933 3036 1002 3102 fore
1026 3036 1079 3103 de-

56 3129 174 3212 crevit3
202 3124 259 3190 sed
282 3127 323 3190 ad
352 3127 510 3211 quosdam
533 3128 637 3192 bonos
660 3125 809 3192 homines
831 3125 928 3190 fidem
953 3124 1078 3192 Christi

56 3219 182 3282 secrete
202 3214 345 3281 colentes
365 3216 498 3281 divertit
521 3220 644 3281 etcum
667 3215 748 3298 ipsis
771 3217 805 3279 in
824 3215 903 3279 urbe
926 3215 1078 3281 habitare

131 3433 147 3483 5
165 3428 282 3496 fortasse
290 3432 356 3497 port
374 3426 408 3481 de
424 3443 458 3482 ea
471 3429 628 3483 1111111111
646 3431 736 3483 estre.
830 3433 862 3481 11
884 3424 1078 3497 oportunitate

58 3502 135 3556 codd.
213 3504 245 3552 14
265 3498 406 3570 oppressit
424 3499 467 3567 D,
487 3497 608 3570 opressit
626 3497 663 3554 F.

898 3583 937 3626 ᾗ
