2356 3846
267 148 521 205 fflsroamaun
538 149 753 205 maxumam
770 149 810 218 V,
830 156 855 206 6.
1024 150 1067 214 97

53 293 317 358 aestimabantur.
361 290 563 359 Lacerabant
583 293 688 378 regias
711 295 833 375 vestes,
863 293 903 358 ad
926 315 961 358 se
984 293 1103 378 quis-5

54 403 116 465 que
147 384 274 464 partem
304 380 484 445 trahentes:
520 381 662 446 dolabris
693 381 852 464 pretiosae
882 382 962 447 artis
989 404 1068 447 vasa

53 469 244 534 caedebant:
276 467 359 532 nihil
380 489 485 553 neque
506 469 665 533 intactum
687 472 758 533 crat
778 490 882 553 neque
903 469 1067 554 integrum

53 558 231 622 ferebatur:
264 556 403 638 abrupta
424 556 667 622 simulacrorum
690 558 848 641 membra,
874 561 911 624 ut
934 560 1067 642 quisque

53 645 220 726 avellerat,
246 643 404 708 trahebat
448 642 561 728 Neque
584 645 720 709 avaritia
742 645 860 727 solum,
890 646 946 710 sed
969 647 1102 716 etiams

54 732 227 798 crudelitas
249 732 285 795 in
307 735 402 814 capta
422 732 501 796 urbe
520 737 668 817 grassata
686 735 749 796 est:
773 754 851 798 auro
870 736 1067 819 argentoque

54 821 166 885 onusti
185 820 262 884 vilia
279 821 479 902 captivorum
497 841 632 903 corpora
647 820 862 902 trucidabant,
882 821 1067 905 passimque

55 907 144 973 obvii
170 908 399 990 caedebantur,
430 928 511 991 quos
538 911 614 973 ante
642 908 782 991 pretium
804 909 854 972 sui
876 909 1067 973 miserabilis

53 995 184 1060 fecerat.
229 995 325 1060 Multi
347 1016 424 1080 ergo
448 995 590 1061 hostium
612 1017 728 1060 manus
755 996 937 1061 voluntaria
965 1000 1101 1064 morter

54 1087 308 1166 occupaverunt,
343 1082 575 1167 pretiosissima
606 1085 744 1148 vestium
779 1084 885 1148 induti
918 1105 935 1147 e
967 1084 1067 1148 muris

54 1172 246 1254 semetipsos
273 1192 347 1234 cum
374 1171 565 1254 coniugibus
593 1192 631 1236 ac
658 1172 766 1236 liberis
788 1172 824 1235 in
846 1192 1000 1254 praeceps
1022 1173 1067 1235 ia-

54 1260 186 1324 cientes.
218 1257 356 1334 Quidam
373 1259 476 1343 ignes,
494 1259 579 1342 quod
597 1259 694 1342 paulo
712 1260 789 1342 post
806 1259 951 1323 facturus
964 1259 1067 1324 hostis
1086 1316 1105 1330 κ,

53 1346 236 1430 ridebatur,
266 1346 470 1411 subiecerant
496 1347 640 1430 aedibus,
670 1351 708 1410 ut
729 1369 801 1411 cum
825 1348 892 1412 suis
915 1347 981 1411 vivi
1002 1368 1067 1412 cre·

54 1438 229 1498 merentur.
262 1432 406 1498 Tandem
429 1456 504 1498 suos
526 1456 582 1498 rex
605 1435 792 1518 corporibus
816 1438 849 1498 et
871 1436 959 1499 cultu
977 1434 1102 1503 femi-s
1133 1490 1136 1494 Α

54 1542 171 1587 narum
193 1522 355 1602 abstinere
377 1521 480 1586 iussit.
519 1521 638 1606 Ingens
661 1523 806 1605 captivae
828 1524 982 1605 pecuniae
1001 1544 1067 1588 mo·

55 1611 114 1675 dus
137 1609 285 1693 traditur,
305 1630 405 1692 prope
426 1612 464 1673 ut
482 1609 578 1674 fidem
601 1609 742 1674 excedat
786 1608 936 1675 ceterum
954 1613 1011 1674 aut
1028 1610 1067 1674 de
1086 1629 1102 1678 9

55 1699 127 1762 aliis
151 1718 277 1782 quoque
300 1697 518 1762 dubitabimus
541 1700 598 1761 aut
618 1697 784 1761 credemus
805 1698 840 1761 in
863 1697 959 1762 huius
979 1698 1068 1762 urbis

55 1806 135 1871 gara
156 1784 258 1850 fuisse
281 1801 301 1850 c
323 1789 357 1848 et
378 1802 426 1850 xx
446 1786 537 1849 milw
557 1785 730 1850 talentum:
754 1785 793 1848 ad
818 1807 900 1869 quae
922 1785 1069 1850 vehenda

55 1910 98 1920 —-
121 1894 261 1957 namque
283 1872 323 1937 ad
346 1894 425 1937 usus
447 1872 524 1936 belli
537 1893 653 1951 ,secum
675 1876 804 1956 portare
827 1874 1011 1937 decreverat
1024 1909 1068 1919 -

54 1962 200 2026 iumenta
223 1964 255 2024 et
277 1961 415 2025 camelos
438 1963 471 2023 et
493 1982 513 2024 a
531 1958 621 2024 Susis
643 1964 676 2024 et
694 1983 714 2025 a
731 1959 900 2044 Babylone
919 1960 1068 2025 contrahi

46 2049 157 2113 iussit.
202 2048 374 2112 Accessere
390 2047 447 2111 ¹ad
477 2048 561 2112 hanc
592 2049 747 2130 pecuniae
777 2069 935 2113 summam
964 2048 1066 2132 captis
1087 2065 1120 2114 10

53 2135 247 2219 Parsagadis
282 2156 338 2199 sex
373 2135 464 2199 milia
497 2136 665 2200 talentum.
719 2133 823 2220 Cyrus
857 2133 1066 2221 [Parsagada]

54 2225 169 2288 urbem
200 2223 402 2288 condiderat:
440 2243 537 2305 quam
567 2223 752 2287 Alexandro
786 2223 967 2307 praefectus
999 2224 1067 2288 eius

55 2311 202 2377 Gobares
225 2309 365 2375 tradidit.

9 2399 44 2462 al
144 2398 216 2462 Rex
242 2419 348 2462 arcem
369 2397 550 2481 Persepolis
577 2399 680 2462 tribus
703 2399 832 2463 milibus
855 2397 1067 2462 Macedonum
1087 2417 1119 2465 11

55 2486 215 2570 praesidio
238 2486 357 2550 relictis
375 2484 591 2549 Nicarchiden
614 2487 698 2550 tueri
716 2487 839 2551 iubet*
855 2501 873 2538 ¹¹²
885 2503 905 2538 a
933 2485 1069 2550 Tiridati

37 2595 192 2659 quoque,
209 2574 265 2656 qui
283 2594 395 2658 gazam
413 2573 598 2656 tradiderat,
616 2577 760 2637 servatus
778 2578 827 2638 est
839 2572 955 2656 honos,
972 2595 1067 2656 quem

56 2663 143 2746 apud
165 2660 306 2725 Dareum
327 2661 707 2744 habueratz'magnaque
734 2661 892 2725 exercitus
919 2665 1011 2743 parte
1035 2665 1068 2724 et

54 2749 284 2834 inpedimentis
304 2749 350 2813 ibi
367 2748 487 2812 relictis
500 2747 715 2812 Parmeniona
729 2746 959 2831 Craterumque
976 2769 1067 2831 prae-

55 2836 141 2902 fecit
186 2837 260 2921 Ipse
289 2857 362 2900 cum
388 2836 475 2900 mille
504 2835 665 2921 equitibus
692 2836 898 2919 peditumque
921 2835 1119 2919 expeditam

56 2946 155 2990 manu
182 2924 367 2989 interiorem
389 2922 529 3002 Persidis
552 2924 715 3008 regionem
743 2924 803 2987 sub
825 2924 930 3006 ipsum
952 2922 1067 3008 Vergi-

55 3013 173 3077 liarum
202 3012 291 3077 sidus
317 3011 411 3095 petiit
433 3013 605 3095 multisque
627 3011 784 3076 imbribus
807 3014 840 3074 et
861 3032 960 3095 prope
983 3012 1067 3075 into·

55 3099 182 3165 lerabili
207 3103 398 3183 tempestate
425 3103 558 3164 rexatus
585 3098 755 3183 procedere
777 3103 903 3177 tamen,
932 3121 996 3183 quo
1019 3100 1067 3163 in·
1100 3163 1102 3167 .

54 3187 213 3267 tenderat,
234 3188 461 3270 perseverarit.
498 3186 643 3251 Ventum
665 3190 735 3250 erat
757 3187 798 3251 ad
820 3187 882 3251 iter
903 3188 1067 3270 perpetuis
1087 3206 1119 3255 13

57 3277 198 3342 obsitum
228 3276 370 3359 nivibus,
403 3297 482 3359 quas
509 3274 639 3358 frigoris
667 3275 715 3338 ris
744 3276 818 3358 gelu
845 3273 1067 3358 adstrinxerat,

55 3363 262 3447 locorumque
299 3363 430 3447 squalor
465 3366 499 3427 et
533 3362 722 3427 solitudines
755 3362 861 3426 inviae
893 3362 1067 3447 fatigatum

56 3451 193 3516 militem
213 3451 394 3534 terrebant,
422 3451 636 3514 humanarum
657 3471 764 3515 rerum
786 3451 941 3514 terminos
965 3470 998 3512 se
1021 3450 1067 3513 vi·

56 3538 129 3604 dere
152 3538 342 3603 credentem.
381 3537 500 3604 Omnia
520 3541 619 3605 rasta
639 3541 740 3624 atque
761 3537 836 3604 siue
853 3537 928 3598 xilla
937 3533 1095 3617 ‘uum

102 3641 194 3683 oasam
206 3642 289 3685 numa.
925 3635 950 3682 ‘r
