2356 3846
119 140 185 206 250
254 216 256 223 Ι
496 141 528 208 Q.
548 140 657 198 cuam
674 141 762 196 RUFI

117 284 246 370 quidem
277 285 418 364 saucius,
452 285 508 350 sed
539 285 662 351 maiore
694 284 836 369 periculo
868 306 966 369 quam
998 284 1131 350 vulnere

118 373 276 457 adfectus,
302 373 389 458 regis
417 373 668 439 sollicitudinem
691 375 725 438 in
749 394 783 437 se
806 377 1019 438 converterat.
1051 371 1131 439 San-

118 463 217 546 guine
233 461 423 527 coniunctus
442 466 512 527 erat
529 467 562 527 et
581 463 713 547 quidam
726 461 877 545 Philippo
893 463 1040 543 genitum
1059 483 1131 528 esse

65 561 99 610 23
118 551 303 634 credebant,
335 554 420 616 certe
451 551 554 634 pelice
581 551 649 616 eius
677 554 785 616 ortum
814 551 994 615 constabat.
1039 549 1131 616 Idem

119 640 262 722 corporis
300 644 409 704 custos
445 640 769 723 promptissimusque
805 639 942 703 bellator
974 642 1009 705 et
1039 640 1131 722 pacis

119 728 242 792 artibus
266 748 363 811 quam
385 727 520 792 militiae
542 729 647 793 maior
669 730 703 793 et
725 727 856 792 clarior:
879 727 1007 792 modico
1030 727 1132 792 civili-

107 815 180 900 'quo
203 816 301 899 cultu,
323 816 468 881 liberalis
491 817 526 880 in
548 816 661 901 primis
685 815 840 899 adituque
862 815 961 899 facili,
983 815 1071 880 nihil
1094 837 1132 880 ex

65 912 101 963 24
118 904 206 968 fastu
228 905 338 988 regiae
357 905 588 988 adsumpserat.
633 903 683 969 Ob
706 904 786 968 haec
808 905 879 988 regi
903 925 945 968 an
967 905 1132 988 populari-

118 992 179 1056 bus
204 993 309 1057 carior
331 996 430 1076 esset,
452 993 596 1058 dubitari
617 995 758 1076 poterat:
786 996 857 1056 tum
880 995 965 1057 certe
988 994 1132 1076 primum

119 1085 268 1164 expertus
291 1102 423 1146 suorum
446 1082 585 1160 animos,
612 1081 691 1145 adeo
715 1084 753 1145 ut
774 1081 952 1164 fortunam,
974 1080 1010 1145 in
1032 1102 1134 1164 quam

118 1173 233 1252 postea
264 1169 422 1252 ascendit,
453 1169 487 1234 in
514 1169 573 1252 illo
605 1170 747 1252 periculo
774 1168 966 1234 Macedones
995 1171 1134 1234 ominati

65 1265 100 1315 25
119 1279 190 1322 esse
221 1258 399 1322 videantur.
453 1256 579 1341 Quippe
595 1279 681 1322 -uon
717 1257 819 1322 levior
850 1257 918 1322 illis
949 1256 1135 1323 Ptolemaei

118 1345 182 1411 fuit
203 1366 289 1428 cura,
312 1368 410 1430 quam
432 1346 529 1432 regis.
571 1345 634 1423 Qui
656 1350 690 1410 et
711 1345 836 1430 proelio
859 1349 893 1410 et
912 1346 1135 1414 sollicitudine

118 1433 277 1518 fatigatus
309 1455 382 1498 cum
413 1434 600 1499 Ptolemaeo
633 1433 806 1519 adsideret,
838 1433 971 1517 lectum,
1000 1435 1036 1500 in
1068 1457 1135 1520 quo

65 1531 99 1580 26
118 1521 189 1605 ipse
212 1522 445 1606 adquiesceret,
468 1524 565 1587 iussit
587 1522 707 1587 inferri.
751 1521 790 1586 Iu
813 1543 908 1606 quem
929 1527 968 1587 ut
990 1545 1025 1587 se
1048 1545 1137 1589 reee-

118 1610 180 1694 pit,
212 1611 361 1694 protinus
391 1610 490 1676 altior
521 1611 684 1676 insecutus
715 1615 765 1676 cst
798 1631 937 1676 somnus.
982 1610 1035 1676 Ex
1069 1635 1136 1696 quo

118 1699 278 1764 excitatus
301 1720 359 1782 per
382 1701 521 1783 quietem
543 1699 664 1764 vidisse
688 1719 722 1764 se
745 1700 878 1783 exponit
899 1700 1041 1784 speciem
1063 1701 1136 1766 dra-

118 1788 208 1852 conis
236 1788 380 1852 oblatam
405 1787 541 1861 herbam
568 1787 703 1853 ferentis
730 1809 798 1872 ore,
825 1809 922 1872 quam
943 1789 1062 1853 veneni
1084 1812 1136 1855 re

118 1876 260 1940 medium
282 1898 353 1941 esse
376 1880 602 1943 monstrasset.
625 1877 766 1942 colorem
790 1897 917 1962 quoque
937 1861 1063 1942 herbae
1085 1900 1136 1942 re·

117 1963 258 2048 ferebat,
291 1964 512 2050 adgnitumm,
544 1965 674 2049 siquis
705 1964 915 2049 repperisset,
945 1963 1136 2031 adfirmans

65 2059 99 2108 2⁷
118 2051 287 2117 Inventam
311 2052 481 2117 deindo-
437 2054 614 2138 -quippe
638 2075 658 2117 a
679 2054 792 2118 multis
815 2053 913 2117 simul
935 2056 1007 2120 erat
1025 2057 1135 2139 requi-

118 2141 236 2204 sita-
254 2140 380 2206 vulneri
402 2141 548 2226 inposuit
569 2141 780 2225 protinusque
802 2140 914 2206 dolore
931 2141 1026 2207 finito
1045 2143 1135 2209 intra

66 2235 100 2284 28
118 2229 216 2293 breve
239 2230 380 2312 spatium
402 2229 536 2295 cicatrix
559 2251 686 2314 quoque
708 2230 848 2295 obducta
868 2234 927 2295 est.
966 2229 1134 2298 Barbaros

117 2320 155 2380 ut
172 2316 281 2399 prima
299 2339 372 2401 spes
389 2317 562 2400 fefellerat,
580 2339 614 2382 se
631 2319 720 2402 ipsos
739 2319 915 2402 urbemque
931 2318 1133 2386 dediderunt.

206 2403 292 2470 Hinc
319 2406 353 2471 in
384 2407 565 2489 proximam
595 2410 726 2490 gentem
753 2406 914 2471 Pataliam
937 2409 1169 2490 perventumt

118 2496 175 2559 est.
220 2491 289 2556 Rex
317 2497 389 2558 erat
414 2493 549 2577 Moeris,
581 2494 637 2578 qui
667 2495 747 2559 urbe
778 2495 906 2571 deserta
937 2495 973 2559 in
1003 2500 1133 2562 montes

65 2587 99 2639 29
118 2581 316 2668 profugerat
351 2581 465 2666 Itaque
484 2580 668 2646 Alexander
690 2582 809 2666 oppido
827 2583 953 2665 potitur
971 2602 1133 2670 agrosque

116 2672 302 2754 populatur.
347 2670 486 2755 Magnae
509 2670 583 2734 inde
605 2670 743 2753 praedae
767 2675 858 2735 actae
880 2675 958 2736 sunt
977 2693 1132 2755 pecorum

64 2766 99 2816 30
118 2762 415 2842 armentorumque,
433 2779 551 2843 magna
569 2758 619 2823 vis
637 2761 767 2842 reperta
784 2758 949 2826 frumenti
984 2758 1131 2827 Ducibus

117 2845 231 2910 deinde
251 2846 389 2930 sumptis
408 2847 512 2910 amnis
530 2845 644 2930 peritis
663 2846 796 2911 defluxit
814 2847 855 2912 od
868 2847 1008 2914 insulam
1024 2850 1131 2916 medio

117 2933 217 2999 ferme
240 2935 334 3000 alveo
357 2937 497 2999 enatam.

545 3089 624 3158 Οιι.
647 3092 704 3158 ΙΧ.

83 3210 98 3259 1
205 3197 257 3263 Ibi
275 3199 396 3265 diutius
413 3199 590 3265 subsistere
605 3202 743 3283 coactus,
762 3201 839 3284 quia
851 3200 949 3266 duces
963 3204 1133 3269 socordius

118 3287 280 3352 adservati
312 3288 536 3392 profugerant,
568 3287 671 3373 misit,
699 3288 755 3373 qui
782 3290 1008 3374 conquirerent
1034 3292 1134 3358 alios:

117 3397 176 3441 nec
203 3377 342 3461 repertis
367 3378 517 3460 pervicax
540 3376 657 3461 cupido
680 3376 805 3442 visendi
826 3377 992 3444 Oceanum
1014 3380 1137 3447 adeun·

71 3464 207 3546 dique
240 3465 400 3532 terminos
438 3466 551 3532 mundi
582 3466 651 3532 sine
685 3466 827 3552 regionis
859 3466 974 3550 peritis
1005 3468 1137 3535 flumini

88 3548 212 3631 ignoto
241 3560 347 3642 eaput
376 3579 479 3626 suum
503 3561 624 3644 totque
643 3554 949 3623 tortissimorum
919 3575 1073 3621 unorum
1088 3579 1139 3621 ιι·
