2356 3846
122 162 188 224 140
495 159 527 222 Q.
547 156 656 212 cuum
674 157 761 211 RUFI

121 305 259 370 scientia
285 301 415 368 sceleris
448 301 514 366 sire
546 300 680 385 periculi
710 300 932 384 magnitudine
961 323 1076 368 amens
1101 306 1134 367 et

121 393 293 475 attonitus,
320 413 386 455 non
414 389 563 454 attollere
590 389 715 471 oculos,
743 409 810 454 non
836 389 962 454 hiscere
986 391 1134 456 audebat

67 503 100 552 33
119 479 276 547 Lacrimis
300 478 413 543 deinde
436 477 643 543 manantibus
670 477 835 560 linquente
859 477 968 543 animo
994 478 1029 543 in
1053 501 1135 562 eum,

121 593 141 634 a
164 589 227 653 quo
250 567 437 650 tenebatur,
466 565 627 631 incubuit:
659 565 878 649 abstersisque
902 567 1045 632 amiculo
1067 567 1135 632 eius

121 657 223 723 oculis
246 655 406 740 paulatim
428 654 584 738 recipiens
608 653 760 737 spiritum
788 675 962 719 aaronem
990 655 1135 720 dicturus

34 754 37 759 ’
67 768 102 815 34
122 746 300 810 videbatur.
353 742 486 827 Iamque
522 763 579 808 rex
615 743 743 808 intuens
780 764 867 826 eum,
904 741 1137 827 ‘Macedones',

118 833 240 918 inquit,
264 832 313 896 ‘de
342 836 375 896 te
399 831 571 896 iudicaturi
595 834 683 895 sunt:
710 851 843 914 quaero,
871 853 914 895 an
938 833 1047 916 patrio
1069 853 1138 898 ser·

68 943 103 992 35
121 943 216 987 mone
245 921 290 985 sis
319 919 405 1004 apud
428 941 484 985 eos
511 917 649 984 usurus'.
695 917 778 983 Tum
800 919 963 1002 Philotas,
991 919 1138 986 ‘Praeter

121 1008 337 1093 Macedonas’,
374 1008 493 1091 inquit,
529 1006 686 1092 ‘plerique
719 1007 851 1089 adsunt,
885 1030 967 1092 quos
999 1008 1139 1093 facilius,

122 1120 204 1183 quae
218 1098 332 1179 dicem,
351 1099 559 1181 percepturos
574 1097 723 1178 arbitror,
742 1096 771 1160 si
791 1096 903 1161 eadem
915 1097 1031 1182 lingua
1044 1097 1138 1162 fuero

121 1209 213 1270 usus,
244 1207 308 1269 qua
334 1188 371 1249 tu
398 1184 509 1267 egisti,
537 1205 603 1248 non
631 1184 671 1249 ob
700 1183 801 1266 aliud,
829 1185 936 1268 credo,
970 1207 1071 1269 quam
1103 1189 1142 1250 ut

68 1297 102 1346 36
122 1276 226 1340 oratio
259 1276 317 1337 tua
347 1271 495 1355 intellegi
530 1277 642 1356 posset
673 1294 693 1337 a
724 1272 895 1355 pluribus'.
948 1272 1034 1337 Tum
1072 1296 1141 1359 rex,

122 1361 257 1445 ‘Ecquid
284 1360 401 1425 videtis
429 1360 508 1425 adeo
537 1361 635 1425 etiam
667 1361 823 1425 sermonis
855 1361 954 1444 patrii
981 1361 1141 1428 Philotan

121 1448 274 1515 taedere?
298 1448 386 1513 solus
405 1448 522 1532 quippe
545 1447 685 1513 fastidiit
704 1469 781 1537 eum
800 1448 932 1514 discere.
969 1446 1031 1514 Sed
1051 1450 1142 1516 'dicet

123 1559 214 1620 sane,
237 1540 408 1620 utcumque
433 1535 463 1599 ei
485 1535 574 1600 cordi
597 1539 659 1620 est,
682 1537 759 1600 dum
783 1537 1012 1620 memineritis,
1035 1560 1142 1625 aeque

121 1628 214 1691 illum
247 1648 266 1691 a
297 1628 410 1690 nostro
446 1645 536 1688 more
573 1646 669 1708 quam
706 1646 726 1688 a
758 1645 904 1690 sermone
940 1626 1141 1694 abhorrere'.

123 1715 231 1798 Atque
254 1715 301 1779 itu
324 1713 475 1777 contione
498 1713 645 1778 excessit.

558 1868 637 1936 Cur.
659 1869 699 1935 X.

88 1999 103 2049 1
211 1977 294 2041 Tum
312 1976 476 2058 Philotas,
496 1975 637 2059 ‘Verba’,
660 1976 778 2060 inquit,
800 1975 977 2043 ‘innocenti
996 1977 1167 2062 reperiret

122 2066 218 2132 facile
246 2069 308 2144 est,
339 2063 470 2129 modum
501 2064 673 2128 verborum
705 2064 822 2130 misero
854 2070 965 2131 tenere
997 2066 1139 2133 difficile.

87 2153 237 2237 eltaqne
268 2153 354 2216 inter
385 2147 542 2234 optimam
575 2152 805 2218 conscientiam
836 2159 869 2219 et
897 2153 1137 2236 iniquissimam

123 2241 289 2307 fortunam
318 2239 493 2304 destitutus
520 2240 650 2323 ignoro,
679 2240 839 2323 quomodo
868 2245 901 2306 et
928 2241 1038 2308 animo
1066 2265 1138 2309 meo

88 2335 159 2401 eet
187 2327 328 2412 tempori
358 2349 498 2411 paream.
547 2326 653 2392 Abest
684 2329 814 2410 quidem
846 2331 990 2413 optimus
1021 2351 1139 2398 caussa

125 2439 216 2485 meae
243 2416 352 2482 iudex:
384 2417 439 2500 qui
469 2437 526 2480 cur
558 2437 610 2481 me
640 2415 712 2499 ipse
744 2417 854 2482 audire
885 2418 1041 2504 noluerit,
1071 2441 1138 2486 non

125 2505 308 2573 mehercule
336 2504 498 2587 excogito,
527 2525 599 2569 eum
623 2503 674 2569 illi
697 2505 862 2589 utrimque
884 2506 1018 2590 cognita
1041 2529 1139 2573 causa

124 2601 194 2661 tam
217 2595 370 2659 damnare
392 2614 444 2657 me
467 2592 573 2676 liceat,
596 2614 693 2676 quem
714 2593 895 2658 absolvere:
917 2616 983 2659 non
1006 2596 1139 2680 cognita

124 2706 200 2749 vero
218 2683 352 2748 liberari
373 2681 412 2747 ab
435 2682 569 2746 absente
589 2702 656 2746 non
678 2703 824 2765 possum,
846 2682 902 2765 qui
925 2704 945 2747 a
966 2687 1138 2766 praesente

88 2772 296 2840 edamnatus
324 2792 405 2837 sum.
454 2767 516 2835 Sed
545 2790 740 2853 quamquam
767 2770 867 2836 vincti
898 2769 1042 2837 hominis
1069 2793 1139 2838 non

125 2880 323 2942 supervacua
346 2858 465 2940 solum,
494 2857 551 2922 sed
578 2857 677 2922 etiam
700 2857 805 2922 invisa
828 2857 971 2923 defensio
995 2864 1059 2943 est,
1083 2860 1140 2946 qui

124 2947 262 3012 iudicem
277 2968 344 3012 non
358 2946 472 3011 docere
485 2944 622 3026 videtur,
640 2944 696 3009 sed
710 2965 858 3028 arguere:
877 2949 997 3031 tamen,
1013 2951 1140 3015 utcum-

125 3055 186 3119 que
204 3033 281 3099 licet
299 3054 350 3099 me
369 3034 483 3117 dicere,
502 3032 708 3116 memetipse
726 3051 792 3098 non
811 3033 957 3100 deseram
974 3057 1035 3101 nec
1053 3059 1140 3103 ccm-

88 3142 106 3192 5
125 3122 265 3199 mittam,
278 3127 315 3187 ut
328 3121 499 3187 damnatus
513 3121 614 3187 stium
629 3141 702 3187 mea
715 3124 877 3187 sententia
889 3124 1008 3189 videar.
1039 3123 1140 3210 Equi-

125 3211 207 3294 dem,
221 3209 312 3276 cuius
325 3209 471 3275 criminis
484 3231 558 3275 rens
572 3209 645 3292 sim,
657 3230 723 3274 non
735 3209 841 3276 video:
855 3212 940 3276 inter
952 3212 1141 3280 coniuratos

124 3319 219 3365 nemo
238 3320 290 3363 me
308 3298 470 3381 nominat,
493 3298 532 3363 de
551 3319 603 3364 me
621 3294 838 3364 Nicomachus
857 3299 940 3364 nihil
962 3300 1057 3386 dixit,
1080 3300 1139 3370 Ge

90 3388 254 3458 abelinus
277 3387 365 3471 plus,
387 3406 486 3471 quam
508 3386 666 3471 audierat,
689 3386 772 3452 scire
788 3407 855 3453 non
877 3389 995 3472 potuit
1036 3387 1142 3475 Atqui

114 3475 356 3543 coniurationis
375 3478 474 3560 eaput
496 3474 672 3541 metuisse
694 3474 796 3540 credit
817 3477 888 3541 rexl
923 3476 1037 3543 Potuit
1060 3498 1141 3564 ergo

94 3560 259 3644 Dymnus
279 3589 355 3635 eum
375 3565 579 3655 praeterire,
604 3586 703 3653 quem
720 3562 935 3648 sequebatur,
950 3567 1147 3645 massenum
