2356 3846
222 163 476 220 HISTORJARUM
493 165 708 220 ALEXANDRI
726 165 765 234 V,
784 172 825 220 10.
846 171 887 220 11.
905 198 907 205 <
1009 164 1072 229 105

56 310 145 375 stine
163 331 253 374 more
270 309 463 374 conscendit.
497 306 704 374 Nabarzanes
720 310 880 394 ceterique
894 309 1071 393 parricidae
1092 329 1126 378 le

55 397 305 482 procumbentes
331 397 435 480 humi,
462 418 559 481 quem
580 399 678 479 paulo
701 400 776 480 post
797 397 833 461 in
855 398 992 462 vinculis
1014 398 1071 461 lra-

55 485 159 551 bituri
179 488 281 568 erant,
304 485 483 549 sustinuere
501 486 657 566 venerari,
679 485 828 549 lacrimas
846 484 945 550 etiam
962 486 1071 570 paeni·

55 573 180 638 tentiae
214 572 336 637 indices
370 571 595 655 prodiderunt:
637 572 717 638 adeo
749 573 899 637 humanis
931 573 1071 658 ingeniis

56 666 173 746 parata
205 660 367 725 simulatio
399 663 457 725 est.
505 659 619 725 Preces
652 659 765 725 deinde
797 662 985 745 suppliciter
1017 661 1071 726 ad·
1091 680 1126 729 14

56 751 167 814 motae
185 747 340 830 Dareum,
369 751 485 812 natura
508 748 686 832 simplicem
709 751 742 813 et
763 749 887 832 mitem,
914 771 982 813 non
1005 771 1070 814 cre-

57 836 132 901 dere
156 836 266 921 modo,
289 856 370 920 quae
394 835 621 920 adfirmabant,
653 836 708 901 sed
735 836 811 900 fiere
838 838 936 901 etiam
960 840 1071 922 colige-

56 928 143 990 runt.
188 923 237 988 Aa
267 945 310 989 ne
335 927 406 988 tum
434 924 562 1007 quidem
590 925 724 1009 cogitati
750 925 877 989 sceleris
904 924 1072 1008 paenituit,
1092 941 1126 991 15

57 1023 130 1077 cum
158 1012 361 1076 intuerentur
387 1012 514 1095 qualem
541 1014 574 1076 et
599 1032 709 1096 regem
731 1016 764 1076 et
785 1013 890 1077 virum
912 1012 1071 1076 fallerent.

56 1099 116 1164 Ille
139 1099 278 1184 quidem,
301 1119 431 1164 securus
451 1099 593 1183 periculi,
616 1100 702 1183 quod
720 1101 873 1183 instabat,
896 1099 1072 1164 Alexandri

56 1209 188 1272 manus,
210 1208 290 1272 quas
312 1188 397 1253 solas
419 1187 568 1270 timebat,
591 1188 730 1273 effugere
751 1188 956 1274 properabat.

484 1343 564 1412 One.
585 1345 641 1411 XI.

10 1443 49 1510 30
146 1449 268 1533 Patron
290 1454 414 1534 autem,
437 1448 632 1516 Graecorum
654 1451 731 1533 dux,
753 1452 911 1535 praecipit
933 1451 1012 1533 suis,
1036 1455 1072 1514 ut
1093 1469 1106 1517 1

58 1558 161 1622 arma,
193 1559 275 1622 quae
306 1539 341 1602 in
373 1539 507 1603 sarcinis
537 1541 632 1603 antea
660 1539 860 1622 ferebantur,
891 1539 1072 1620 induerent,

57 1625 99 1690 ad
124 1646 220 1691 omne
241 1626 412 1710 imperium
434 1648 527 1692 suum
548 1627 655 1711 parati
677 1629 711 1691 et
731 1626 858 1690 intenti.
903 1626 977 1710 Ipse
1001 1643 1109 1692 cur-a

56 1736 131 1778 rum
159 1713 245 1798 regis
272 1714 466 1797 sequebatur
493 1715 653 1779 occasioni
679 1714 850 1778 imminens
878 1713 1079 1796 adloquendi-

58 1822 146 1886 eum,
178 1801 296 1887 quippe
318 1799 412 1865 Bessi
438 1801 563 1867 facinus
589 1805 821 1886 praesenserat.
867 1799 929 1865 Sed
951 1800 1072 1865 Bessus

57 1889 91 1954 id
114 1890 221 1975 ipsum
243 1892 400 1969 metuens,
422 1893 530 1954 custos
552 1890 658 1954 verius
680 1911 777 1974 quam
801 1910 916 1971 comes,
939 1910 959 1952 a
977 1909 1072 1952 curru

58 1998 126 2042 non
147 1977 327 2042 recedebat.
362 1975 428 2042 Diu
450 1997 528 2062 ergo
551 1976 673 2042 Patron
695 1981 864 2042 cunctatus
888 1998 924 2041 ac
945 1976 1072 2060 saepius
1091 1994 1109 2044 3

59 2085 208 2130 sermone
228 2068 411 2149 revocatus,
435 2064 520 2128 inter
545 2064 641 2128 fidem
662 2065 875 2148 timoremque
897 2064 1072 2147 haesitans,

58 2171 167 2237 regem
204 2152 398 2217 intuebatur.
452 2151 515 2228 Qui
550 2156 588 2216 ut
617 2152 747 2216 tandem
780 2153 918 2216 advertit
953 2153 1107 2235 oculosa

58 2239 214 2305 Bubacen
235 2240 411 2324 spadonem
437 2240 522 2304 inter
546 2241 710 2322 proximos
733 2261 862 2305 currum
885 2243 1073 2324 sequentem

43 2322 243 2411 'percontari
271 2328 374 2411 iubet,
404 2327 559 2412 numquid
585 2327 650 2412 ipsi
675 2328 754 2392 velit
780 2328 892 2392 dicere.
941 2327 1073 2409 Patron,

60 2436 207 2499 severo,
237 2415 293 2480 sed
315 2416 448 2480 remotis
471 2415 599 2479 arbitris
626 2416 715 2499 loqui
742 2415 823 2479 velle
846 2436 920 2479 cum
942 2436 994 2498 eo,
1025 2436 1072 2478 re·

58 2502 193 2588 spondit
218 2502 386 2588 iussusque
413 2503 545 2587 propius
568 2503 717 2567 accedere
740 2503 808 2567 sine
830 2503 1006 2586 interprete
1032 2537 1070 2548 —

58 2612 137 2656 nam
172 2590 260 2655 haud
295 2591 384 2655 rudis
416 2588 556 2655 Graecae
590 2591 722 2674 linguae
753 2588 878 2654 Dareus
915 2592 997 2672 erat,
1027 2595 1072 2635 '-

59 2677 167 2762 ‘Rex',
197 2677 315 2763 inquit,
348 2677 402 2742 ‘ex
433 2695 455 2740 Ι,
484 2678 613 2741 milibus
641 2675 837 2741 Graecorum
865 2695 1110 2760 supersumuso

56 2766 168 2850 pauci,
204 2766 309 2830 omnis
339 2765 489 2848 fortunae
520 2768 595 2828 tuae
611 2764 760 2833 ,comites
791 2767 825 2828 et
855 2764 890 2827 in
920 2763 983 2828 hoc
1014 2766 1071 2828 tuo

58 2856 149 2920 statu
170 2851 269 2938 idem,
291 2854 347 2938 qui
368 2853 503 2918 florente
524 2855 563 2916 te'
579 2851 708 2935 fuimus,
730 2872 946 2935 quascumque
968 2853 1072 2915 terras

58 2941 209 3026 elegeris,
233 2960 294 3025 pro
321 2941 427 3024 patria
449 2943 483 3004 et
508 2940 692 3005 domesticis
714 2939 810 3003 rebus
832 2938 973 3022 petituri.
1019 2936 1110 3009 See

58 3029 183 3094 eundae
212 3028 428 3112 adversaeque
459 3049 510 3092 res
539 3031 615 3092 tuae
646 3027 835 3111 copulavere
866 3047 927 3090 nos
958 3029 1074 3091 tecum.

56 3110 128 3182 Per'
147 3116 233 3181 hanc
259 3116 356 3181 fidem
382 3115 536 3180 invictam
563 3137 620 3180 oro
648 3118 682 3179 et
708 3115 865 3197 obtestor,
894 3114 929 3177 in
952 3115 1074 3179 nostris

58 3205 175 3271 eastris
201 3203 262 3268 tibi
284 3204 528 3268 tabernaculum
551 3206 669 3284 statue,
700 3224 761 3267 nos
784 3202 928 3286 corporis
949 3202 998 3265 tui
1021 3223 1073 3266 cu·

59 3292 169 3358 stodes
192 3312 262 3356 esse
283 3292 426 3375 patiaris.
462 3290 636 3356 Omisimus
653 3289 830 3375 Graeciam,
852 3291 942 3354 nulla
955 3288 1074 3353 Bactra

59 3384 137 3446 sunt
167 3379 277 3445 nobis:
314 3400 387 3464 spes
420 3379 523 3444 omnis
549 3379 585 3443 in
611 3384 658 3461 te,
689 3379 813 3443 utinam
837 3378 935 3442 etiam
959 3377 1073 3441 ceteris

58 3471 155 3535 esset
192 3466 291 3532 Plura
312 3467 376 3532 dici
397 3488 465 3532 non
487 3467 613 3532 attinet.
648 3463 836 3532 Custodiam
859 3465 1003 3548 corporis
1025 3464 1076 3527 tui

59 3559 213 3643 mamas
243 3558 277 3620 at
303 3555 489 3644 alienigena
514 3576 588 3623 non
614 3555 847 3644 deposcerem,
871 3553 908 3614 ex
929 3549 1106 3612 essem
