2356 3846
258 148 513 206 HISTORIARUM
532 149 747 204 ALEXANDRI
766 151 817 219 III,
836 157 861 207 8.
1029 151 1069 216 l‘l

55 293 225 377 adventat,
256 293 291 358 in
323 293 570 359 sollicitudinem
602 315 696 359 versa
725 294 842 359 fiducia
871 299 931 359 est
974 294 1070 360 Illam

55 383 165 465 ipsam
186 381 361 465 fortunam,
384 403 447 465 qua
466 381 652 465 adspirante
670 404 721 446 res
739 386 808 447 tam
824 405 979 467 prospere
998 404 1069 468 ges·

56 472 160 554 serat,
191 471 363 534 verebatur
395 491 454 534 nee
482 470 601 535 iniuria
629 491 667 534 ex
693 469 759 554 his,
791 493 872 554 quae
898 472 1069 536 tribuisset

28 602 31 606 ι
57 556 130 639 sibi,
152 579 250 642 quam
271 558 439 622 mutabilis
457 561 554 640 esset,
575 558 762 641 reputabat:
784 581 883 625 unam
901 581 1069 642 superesse

56 648 201 729 noctem,
235 666 318 729 quae
354 646 439 710 tanti
470 645 663 710 discriminis
695 651 877 711 moraretur
910 651 1068 712 eventum.

56 731 182 798 Rursus
205 734 406 816 occurrebat,
427 734 552 798 maiora
574 734 726 817 periculis
749 735 894 817 praemia
916 740 962 820 et,
985 736 1070 800 sicut
1087 756 1121 804 21

56 820 191 884 dubium
210 825 305 904 esset,
329 843 370 885 an
387 821 537 905 vinceret,
559 821 607 885 ita
624 821 705 886 illud
718 822 828 906 utique
847 826 970 887 certum
989 845 1069 906 esse,

56 907 194 973 honeste
218 912 251 972 et
273 931 346 973 oum
368 929 487 994 magna
509 909 603 973 laude
625 911 827 974 moriturum.
862 909 975 994 Itaque
1000 933 1068 977 ccr-
1087 931 1121 981 22

56 1017 141 1080 pora
167 996 288 1061 milites
310 1018 421 1062 curare
444 997 539 1062 iussit
562 1019 599 1062 ac
621 996 734 1061 deinde
761 997 859 1062 tertia
886 999 997 1083 vigilia
1021 999 1069 1062 in-

57 1087 201 1148 structos
225 1088 258 1148 et
280 1087 422 1149 armatos
446 1107 526 1149 esse.
559 1084 634 1168 Ipse
656 1086 691 1150 in
712 1086 825 1169 iugum
848 1085 925 1150 editi
947 1087 1068 1150 montis

57 1171 203 1237 escendit
232 1173 405 1257 multisque
432 1172 674 1237 conlucentibus
701 1172 826 1238 facibus
848 1175 956 1256 patrio
979 1195 1069 1238 more

58 1259 253 1325 sacrificium
276 1259 324 1324 dis
348 1260 550 1344 praesidibus
573 1260 638 1325 loci
655 1259 741 1325 fecit.
776 1261 909 1346 Iamque
927 1262 1070 1343 tertium,
1088 1280 1122 1331 23

59 1349 144 1413 sicut
169 1352 377 1432 pracceptum
407 1351 490 1432 erat,
521 1349 650 1433 signum
670 1350 752 1413 tuba
774 1349 868 1414 miles
891 1354 1070 1432 acceperat,

58 1436 168 1500 itineri
190 1436 287 1500 simul
309 1440 442 1519 paratus
465 1458 503 1501 ae
524 1436 662 1518 proelio:
686 1441 875 1520 strenueque
896 1438 977 1502 iussi
994 1459 1069 1522 pro·

58 1524 171 1588 cedere
204 1524 327 1590 oriente
358 1523 430 1588 luce
459 1527 674 1607 pervenerunt
704 1525 745 1589 ad
773 1527 955 1609 angustias,
989 1547 1069 1609 quas

58 1633 216 1695 occupare
239 1611 454 1676 decreverant.
489 1610 633 1675 Dareum
654 1629 725 1676 xxx
743 1613 817 1677 inde
836 1614 942 1678 stadia
956 1614 1069 1678 abesse

62 1699 235 1782 praemissi
266 1699 463 1764 indicabant.
506 1698 596 1786 Tunc
627 1700 803 1764 consistere
835 1721 952 1785 agmen
979 1701 1069 1766 iubet
1088 1721 1122 1768 24

59 1788 221 1871 armisque
244 1788 314 1871 ipse
338 1789 474 1871 sumptis
499 1787 600 1851 aciem
623 1787 759 1852 ordinat.

10 1877 50 1943 22
120 1873 255 1941 Dareo
283 1874 455 1939 adventum
476 1873 622 1939 hostium
643 1875 753 1958 pa'vidi
776 1879 920 1960 agrestes
942 1876 1068 1939 nuntia·

57 1968 184 2048 uerunt,
205 1964 260 2028 ιιι
282 1962 424 2027 credenti
447 1983 611 2027 occurrere
633 1964 740 2046 etiam,
763 1985 844 2063 quos
858 1966 895 2028 ut
908 1962 1068 2065 firgientes

59 2013 217 2135 sequeb'at
217 2074 265 2115 ur
306 2049 395 2135 Ergo
417 2072 484 2115 non
511 2049 681 2115 mediocris
704 2051 849 2115 omnium
871 2051 1069 2116 animosis
1089 2070 1122 2120 25

57 2141 147 2205 cessit
167 2138 373 2204 formido-
331 2139 511 2222 -quippe
534 2138 643 2202 itineri
664 2159 758 2220 qaam
780 2139 903 2223 proelio
927 2139 1069 2221 aptiores

58 2230 224 2292 erant—
251 2227 432 2310 raptimque
460 2247 551 2290 arma
573 2226 753 2309 capiebant.
798 2224 893 2291 Sed'
884 2249 957 2310 rpsa
979 2227 1068 2291 festi
1088 2246 1122 2296 26

58 2316 151 2380 natio
180 2315 426 2379 discurrentium
452 2335 592 2397 suosque
619 2312 661 2377 ad
683 2335 773 2378 arma
794 2315 979 2379 vocantium
1002 2337 1069 2379 ma·

59 2403 163 2468 iorem
195 2407 316 2468 metum
347 2401 496 2466 incussit:
528 2401 621 2465 alii
611 2422 646 2465 m
672 2401 784 2486 iugum
810 2406 904 2467 mont
904 2403 932 2466 is
961 2423 1069 2467 evase·

58 2495 144 2574 rant,
121 2494 204 2556 tut
225 2490 369 2570 hostium
391 2510 508 2574 agmen
529 2489 603 2553 inde
625 2491 856 2573 prospicerent,
881 2512 980 2574 equos
1003 2492 1070 2574 ple·

59 2579 151 2664 rique
178 2561 360 2643 frenebant
404 2575 538 2641 Discors
566 2578 723 2643 exercitus
749 2599 809 2642 nec
836 2578 878 2643 ad
899 2600 1000 2641 unum
1021 2578 1068 2641 in-

58 2670 170 2731 tentus
211 2666 382 2749 imperinm
418 2665 509 2729 vario
545 2665 688 2729 tumultu
722 2669 837 2729 cuncta
872 2665 1069 2730 turbaverat

60 2753 187 2820 Dareus
209 2755 335 2819 initio'
325 2773 437 2837 1ugum
459 2752 580 2817 montis
604 2773 676 2816 oum
690 2755 783 2836 parte
797 2753 963 2835 copiarum
977 2774 1068 2818 occu·
1088 2773 1122 2822 27

10 2902 15 2913 ,
59 2864 139 2926 pare
175 2842 306 2925 statuit,
346 2844 380 2905 et
417 2862 436 2904 a
466 2839 574 2904 fronte
606 2843 639 2904 et
670 2862 690 2903 a
720 2844 813 2925 tergo
845 2840 1068 2911 circumiturus

59 2930 199 3014 hostem,
222 2953 242 2994 a
263 2929 346 2994 mari
368 2949 503 3012 qnoque,
526 2950 589 3011 quo
613 2928 759 2993 dextrum
782 2928 850 2993 eius
869 2951 968 2994 cornu
981 2933 1069 3014 tege·

60 3019 167 3101 batur,
189 3017 270 3083 alios
294 3017 487 3099 obiecturus,
511 3021 548 3080 ut
570 3017 708 3099 undique
730 3019 891 3101 urgueret.
936 3017 1121 3087 Praeterea

59 3106 142 3170 haec
164 3106 280 3191 viginti
302 3105 392 3169 milia
413 3105 593 3187 praemissa
615 3126 688 3168 cum
708 3104 952 3189 sagittariorum
970 3127 1068 3169 manu

59 3193 215 3259 Pinarum
233 3215 370 3275 amnem,
391 3193 446 3277 qui
465 3192 527 3257 duc
547 3191 677 3277 agmina
694 3191 909 3275 interfluebat,
930 3193 1069 3256 transire

60 3285 95 3347 ct
117 3283 244 3347 obicere
267 3303 338 3347 sese
351 3280 561 3352 Macedonum
584 3280 687 3364 copiis
708 3281 861 3345 iusserat:
885 3280 914 3344 si
931 3279 964 3344 id
976 3301 1069 3364 prae-

62 3373 148 3434 stare
176 3391 242 3435 non
267 3373 413 3453 possent,
441 3368 640 3433 retrocedere
671 3369 707 3433 in
728 3372 854 3434 montes
885 3371 918 3433 et
945 3368 1068 3432 occulte

59 3458 227 3524 circumire
258 3458 388 3523 ultimos
417 3456 569 3522 hostium.
619 3454 768 3522 Ceterum
797 3455 958 3521 destinata
985 3456 1068 3519 salu·
1087 3477 1121 3525 29

60 3546 163 3612 briter
186 3546 273 3610 omni
294 3545 420 3612 ratione
438 3545 604 3632 potentior
622 3543 762 3612 tortuna
772 3545 946 3610 dissussxu.
963 3543 1092 3616 sesses
1103 3557 1148 3597 ss

106 3657 292 3703 enarraremus.
927 3644 953 3686 ἢ·
