<?xml version="1.0" encoding="UTF-8"?>
<!DOCTYPE html PUBLIC "-//W3C//DTD XHTML 1.0 Transitional//EN"
    "http://www.w3.org/TR/xhtml1/DTD/xhtml1-transitional.dtd">
<html xmlns="http://www.w3.org/1999/xhtml" xml:lang="en" lang="en">
 <head>
  <title>
</title>
<meta http-equiv="Content-Type" content="text/html;charset=utf-8" />
  <meta name='ocr-system' content='tesseract 3.04.00' />
  <meta name='ocr-capabilities' content='ocr_page ocr_carea ocr_par ocr_line ocrx_word'/>
</head>
<body>
  <div class='ocr_page' id='page_1' title='image "./incertiauctoris00heydgoog_0106.png"; bbox 0 0 2356 3846; ppageno 0'>
   <div class='ocr_carea' id='block_1_1' title="bbox 124 155 759 223">
    <p class='ocr_par' dir='ltr' id='par_1_1' title="bbox 124 155 759 223">
     <span class='ocr_line' id='line_1_1' title="bbox 124 155 759 223; baseline -0.002 -11"><span class='ocrx_word' id='word_1_1' title='bbox 124 157 169 222; x_wconf 76' lang='lat'><strong>74</strong></span> <span class='ocrx_word' id='word_1_2' title='bbox 493 155 524 223; x_wconf 83' lang='lat' dir='ltr'><strong>Q.</strong></span> <span class='ocrx_word' id='word_1_3' title='bbox 545 157 653 213; x_wconf 69' lang='lat' dir='ltr'><strong>cuam</strong></span> <span class='ocrx_word' id='word_1_4' title='bbox 672 157 759 212; x_wconf 81' lang='lat' dir='ltr'>RUFI</span> 
     </span>
    </p>
   </div>
   <div class='ocr_carea' id='block_1_2' title="bbox 10 274 1178 3644">
    <p class='ocr_par' dir='ltr' id='par_1_2' title="bbox 70 274 1131 826">
     <span class='ocr_line' id='line_1_2' title="bbox 120 274 1129 386; baseline 0 -21"><span class='ocrx_word' id='word_1_5' title='bbox 120 301 193 366; x_wconf 90' lang='lat' dir='ltr'><strong>uuit</strong></span> <span class='ocrx_word' id='word_1_6' title='bbox 219 297 429 367; x_wconf 75' lang='lat' dir='ltr'>Cadusiorum</span> <span class='ocrx_word' id='word_1_7' title='bbox 457 301 708 386; x_wconf 68' lang='lat' dir='ltr'>Scytharumque</span> <span class='ocrx_word' id='word_1_8' title='bbox 735 274 904 385; x_wconf 79' lang='lat' dir='ltr'><strong>impetuin,</strong></span> <span class='ocrx_word' id='word_1_9' title='bbox 931 301 1050 386; x_wconf 90' lang='lat' dir='ltr'><strong>quippe</strong></span> <span class='ocrx_word' id='word_1_10' title='bbox 1077 301 1129 365; x_wconf 87' lang='lat' dir='ltr'><strong>vix</strong></span> 
     </span>
     <span class='ocr_line' id='line_1_3' title="bbox 120 390 1129 474; baseline -0.001 -21"><span class='ocrx_word' id='word_1_11' title='bbox 120 392 278 473; x_wconf 91' lang='lat' dir='ltr'><strong>temptato</strong></span> <span class='ocrx_word' id='word_1_12' title='bbox 306 391 479 454; x_wconf 87' lang='lat' dir='ltr'><strong>certamine</strong></span> <span class='ocrx_word' id='word_1_13' title='bbox 505 390 625 474; x_wconf 76' lang='lat' dir='ltr'><strong>refugit</strong></span> <span class='ocrx_word' id='word_1_14' title='bbox 646 390 688 454; x_wconf 90' lang='lat' dir='ltr'><strong>ad</strong></span> <span class='ocrx_word' id='word_1_15' title='bbox 713 410 837 474; x_wconf 87' lang='lat' dir='ltr'><strong>regem,</strong></span> <span class='ocrx_word' id='word_1_16' title='bbox 868 390 1061 454; x_wconf 91' lang='lat' dir='ltr'><strong>amissorum</strong></span> <span class='ocrx_word' id='word_1_17' title='bbox 1082 390 1129 452; x_wconf 91' lang='lat' dir='ltr'><strong>in·</strong></span> 
     </span>
     <span class='ocr_line' id='line_1_4' title="bbox 70 476 1129 562; baseline -0.001 -21"><span class='ocrx_word' id='word_1_18' title='bbox 70 478 378 560; x_wconf 82' lang='lat' dir='ltr'><strong>13pedimentorum</strong></span> <span class='ocrx_word' id='word_1_19' title='bbox 403 479 496 543; x_wconf 88' lang='lat' dir='ltr'><strong>testis</strong></span> <span class='ocrx_word' id='word_1_20' title='bbox 520 479 624 562; x_wconf 90' lang='lat' dir='ltr'><strong>magis</strong></span> <span class='ocrx_word' id='word_1_21' title='bbox 647 499 743 562; x_wconf 93' lang='lat' dir='ltr'><strong>quam</strong></span> <span class='ocrx_word' id='word_1_22' title='bbox 765 477 889 542; x_wconf 81' lang='lat' dir='ltr'><strong>uindex.</strong></span> <span class='ocrx_word' id='word_1_23' title='bbox 933 476 1003 541; x_wconf 87' lang='lat' dir='ltr'><strong>lam</strong></span> <span class='ocrx_word' id='word_1_24' title='bbox 1025 476 1129 542; x_wconf 89' lang='lat' dir='ltr'><strong>oonsi-</strong></span> 
     </span>
     <span class='ocr_line' id='line_1_5' title="bbox 121 564 1131 648; baseline 0 -20"><span class='ocrx_word' id='word_1_25' title='bbox 121 566 201 630; x_wconf 91' lang='lat' dir='ltr'><strong>lium</strong></span> <span class='ocrx_word' id='word_1_26' title='bbox 222 564 398 630; x_wconf 84' lang='lat' dir='ltr'><strong>Alexandri</strong></span> <span class='ocrx_word' id='word_1_27' title='bbox 421 566 512 632; x_wconf 94' lang='lat' dir='ltr'><strong>dolor</strong></span> <span class='ocrx_word' id='word_1_28' title='bbox 533 567 669 631; x_wconf 86' lang='lat' dir='ltr'><strong>vicerat:</strong></span> <span class='ocrx_word' id='word_1_29' title='bbox 691 569 736 644; x_wconf 90' lang='lat' dir='ltr'><strong>et,</strong></span> <span class='ocrx_word' id='word_1_30' title='bbox 758 586 800 629; x_wconf 88' lang='lat' dir='ltr'><strong>ne</strong></span> <span class='ocrx_word' id='word_1_31' title='bbox 822 587 899 629; x_wconf 87' lang='lat' dir='ltr'><strong>cura</strong></span> <span class='ocrx_word' id='word_1_32' title='bbox 920 564 1131 648; x_wconf 86' lang='lat' dir='ltr'><strong>recuperandi</strong></span> 
     </span>
     <span class='ocr_line' id='line_1_6' title="bbox 122 653 1130 738; baseline 0 -21"><span class='ocrx_word' id='word_1_33' title='bbox 122 674 181 717; x_wconf 90' lang='lat' dir='ltr'><strong>sua</strong></span> <span class='ocrx_word' id='word_1_34' title='bbox 202 654 337 718; x_wconf 89' lang='lat' dir='ltr'><strong>militem</strong></span> <span class='ocrx_word' id='word_1_35' title='bbox 361 677 380 718; x_wconf 90' lang='lat' dir='ltr'><strong>a</strong></span> <span class='ocrx_word' id='word_1_36' title='bbox 401 656 523 738; x_wconf 90' lang='lat' dir='ltr'><strong>proelio</strong></span> <span class='ocrx_word' id='word_1_37' title='bbox 546 658 718 736; x_wconf 88' lang='lat' dir='ltr'><strong>averteret,</strong></span> <span class='ocrx_word' id='word_1_38' title='bbox 739 675 807 718; x_wconf 89' lang='lat' dir='ltr'><strong>non</strong></span> <span class='ocrx_word' id='word_1_39' title='bbox 828 653 977 717; x_wconf 78' lang='lat' dir='ltr'><strong>inmerito</strong></span> <span class='ocrx_word' id='word_1_40' title='bbox 999 653 1130 717; x_wconf 84' lang='lat' dir='ltr'><strong>vereba-</strong></span> 
     </span>
     <span class='ocr_line' id='line_1_7' title="bbox 121 740 1130 826; baseline 0.001 -22"><span class='ocrx_word' id='word_1_41' title='bbox 121 745 183 806; x_wconf 89' lang='lat' dir='ltr'><strong>tur.</strong></span> <span class='ocrx_word' id='word_1_42' title='bbox 215 741 329 826; x_wconf 90' lang='lat' dir='ltr'><strong>Itaque</strong></span> <span class='ocrx_word' id='word_1_43' title='bbox 342 742 472 822; x_wconf 88' lang='lat' dir='ltr'><strong>Areten,</strong></span> <span class='ocrx_word' id='word_1_44' title='bbox 490 743 603 807; x_wconf 91' lang='lat' dir='ltr'><strong>ducem</strong></span> <span class='ocrx_word' id='word_1_45' title='bbox 615 742 818 806; x_wconf 77' lang='lat' dir='ltr'><strong>hastatorum</strong></span> <span class='ocrx_word' id='word_1_46' title='bbox 832 779 874 789; x_wconf 93' lang='lat'>-</span> <span class='ocrx_word' id='word_1_47' title='bbox 890 740 1130 824; x_wconf 89' lang='lat' dir='ltr'><strong>sarissophoros</strong></span> 
     </span>
    </p>

    <p class='ocr_par' dir='ltr' id='par_1_3' title="bbox 69 828 1160 1090">
     <span class='ocr_line' id='line_1_8' title="bbox 69 828 1160 914; baseline 0 -15"><span class='ocrx_word' id='word_1_48' title='bbox 69 850 104 901; x_wconf 83' lang='lat'><strong>14</strong></span> <span class='ocrx_word' id='word_1_49' title='bbox 121 829 282 895; x_wconf 84' lang='lat' dir='ltr'><strong>vocabant</strong></span> <span class='ocrx_word' id='word_1_50' title='bbox 300 867 342 877; x_wconf 89' lang='lat'>-</span> <span class='ocrx_word' id='word_1_51' title='bbox 361 831 513 896; x_wconf 84' lang='lat' dir='ltr'><strong>adversus</strong></span> <span class='ocrx_word' id='word_1_52' title='bbox 537 829 671 914; x_wconf 76' lang='lat' dir='ltr'><strong>Scythas</strong></span> <span class='ocrx_word' id='word_1_53' title='bbox 693 830 802 894; x_wconf 89' lang='lat' dir='ltr'><strong>mittit.</strong></span> <span class='ocrx_word' id='word_1_54' title='bbox 846 828 936 894; x_wconf 86' lang='lat' dir='ltr'><strong>Inter</strong></span> <span class='ocrx_word' id='word_1_55' title='bbox 956 828 1038 893; x_wconf 88' lang='lat' dir='ltr'><strong>haec</strong></span> <span class='ocrx_word' id='word_1_56' title='bbox 1060 835 1160 899; x_wconf 80' lang='lat' dir='ltr'><strong>cur-5</strong></span> 
     </span>
     <span class='ocr_line' id='line_1_9' title="bbox 120 917 1130 1004; baseline -0.001 -23"><span class='ocrx_word' id='word_1_57' title='bbox 120 938 185 1000; x_wconf 89' lang='lat' dir='ltr'><strong>rus,</strong></span> <span class='ocrx_word' id='word_1_58' title='bbox 208 918 264 1002; x_wconf 91' lang='lat' dir='ltr'><strong>qui</strong></span> <span class='ocrx_word' id='word_1_59' title='bbox 285 919 369 984; x_wconf 88' lang='lat' dir='ltr'><strong>circa</strong></span> <span class='ocrx_word' id='word_1_60' title='bbox 390 919 484 1004; x_wconf 89' lang='lat' dir='ltr'><strong>signa</strong></span> <span class='ocrx_word' id='word_1_61' title='bbox 505 920 610 1002; x_wconf 90' lang='lat' dir='ltr'><strong>prima</strong></span> <span class='ocrx_word' id='word_1_62' title='bbox 631 919 840 983; x_wconf 85' lang='lat' dir='ltr'><strong>turbaverant</strong></span> <span class='ocrx_word' id='word_1_63' title='bbox 861 918 971 1000; x_wconf 84' lang='lat' dir='ltr'><strong>aciem,</strong></span> <span class='ocrx_word' id='word_1_64' title='bbox 992 917 1029 980; x_wconf 91' lang='lat' dir='ltr'><strong>in</strong></span> <span class='ocrx_word' id='word_1_65' title='bbox 1051 917 1130 1000; x_wconf 88' lang='lat' dir='ltr'><strong>pha·</strong></span> 
     </span>
     <span class='ocr_line' id='line_1_10' title="bbox 121 1005 1131 1090; baseline 0.001 -22"><span class='ocrx_word' id='word_1_66' title='bbox 121 1006 251 1090; x_wconf 87' lang='lat' dir='ltr'><strong>langem</strong></span> <span class='ocrx_word' id='word_1_67' title='bbox 277 1007 395 1072; x_wconf 84' lang='lat' dir='ltr'><strong>invecti</strong></span> <span class='ocrx_word' id='word_1_68' title='bbox 422 1010 521 1071; x_wconf 87' lang='lat' dir='ltr'><strong>erant</strong></span> <span class='ocrx_word' id='word_1_69' title='bbox 569 1006 761 1072; x_wconf 89' lang='lat' dir='ltr'><strong>Macedones</strong></span> <span class='ocrx_word' id='word_1_70' title='bbox 789 1006 984 1070; x_wconf 88' lang='lat' dir='ltr'><strong>confirmatis</strong></span> <span class='ocrx_word' id='word_1_71' title='bbox 1011 1005 1131 1070; x_wconf 88' lang='lat' dir='ltr'><strong>animis</strong></span> 
     </span>
    </p>

    <p class='ocr_par' dir='ltr' id='par_1_4' title="bbox 70 1093 1132 1443">
     <span class='ocr_line' id='line_1_11' title="bbox 70 1093 1130 1180; baseline -0.006 -17"><span class='ocrx_word' id='word_1_72' title='bbox 70 1114 103 1163; x_wconf 74' lang='grc' dir='ltr'><strong>ιι</strong></span> <span class='ocrx_word' id='word_1_73' title='bbox 121 1093 156 1158; x_wconf 90' lang='lat' dir='ltr'><strong>in</strong></span> <span class='ocrx_word' id='word_1_74' title='bbox 178 1093 319 1159; x_wconf 91' lang='lat' dir='ltr'><strong>medium</strong></span> <span class='ocrx_word' id='word_1_75' title='bbox 342 1116 458 1180; x_wconf 82' lang='lat' dir='ltr'><strong>agmen</strong></span> <span class='ocrx_word' id='word_1_76' title='bbox 480 1095 650 1179; x_wconf 90' lang='lat' dir='ltr'><strong>accipiunt.</strong></span> <span class='ocrx_word' id='word_1_77' title='bbox 682 1093 777 1159; x_wconf 90' lang='lat' dir='ltr'><strong>Vallo</strong></span> <span class='ocrx_word' id='word_1_78' title='bbox 801 1094 914 1159; x_wconf 91' lang='lat' dir='ltr'><strong>similis</strong></span> <span class='ocrx_word' id='word_1_79' title='bbox 937 1093 1021 1157; x_wconf 89' lang='lat' dir='ltr'><strong>acies</strong></span> <span class='ocrx_word' id='word_1_80' title='bbox 1045 1097 1130 1157; x_wconf 86' lang='lat' dir='ltr'><strong>erat:</strong></span> 
     </span>
     <span class='ocr_line' id='line_1_12' title="bbox 121 1181 1132 1266; baseline 0.002 -22"><span class='ocrx_word' id='word_1_81' title='bbox 121 1181 291 1247; x_wconf 88' lang='lat' dir='ltr'><strong>iunxerant</strong></span> <span class='ocrx_word' id='word_1_82' title='bbox 312 1182 424 1247; x_wconf 88' lang='lat' dir='ltr'><strong>hastas</strong></span> <span class='ocrx_word' id='word_1_83' title='bbox 447 1187 480 1247; x_wconf 88' lang='lat' dir='ltr'><strong>et</strong></span> <span class='ocrx_word' id='word_1_84' title='bbox 502 1183 542 1247; x_wconf 91' lang='lat' dir='ltr'><strong>ab</strong></span> <span class='ocrx_word' id='word_1_85' title='bbox 563 1187 698 1266; x_wconf 87' lang='lat' dir='ltr'><strong>utroque</strong></span> <span class='ocrx_word' id='word_1_86' title='bbox 715 1184 814 1247; x_wconf 90' lang='lat' dir='ltr'><strong>latere</strong></span> <span class='ocrx_word' id='word_1_87' title='bbox 832 1186 952 1246; x_wconf 88' lang='lat' dir='ltr'><strong>temere</strong></span> <span class='ocrx_word' id='word_1_88' title='bbox 969 1181 1132 1246; x_wconf 88' lang='lat' dir='ltr'><strong>incurren-</strong></span> 
     </span>
     <span class='ocr_line' id='line_1_13' title="bbox 120 1269 1132 1350; baseline 0.003 -18"><span class='ocrx_word' id='word_1_89' title='bbox 120 1269 202 1334; x_wconf 88' lang='lat' dir='ltr'><strong>tium</strong></span> <span class='ocrx_word' id='word_1_90' title='bbox 223 1271 280 1334; x_wconf 89' lang='lat' dir='ltr'><strong>ilia</strong></span> <span class='ocrx_word' id='word_1_91' title='bbox 302 1270 527 1336; x_wconf 86' lang='lat' dir='ltr'><strong>suffodiebant.</strong></span> <span class='ocrx_word' id='word_1_92' title='bbox 562 1269 736 1336; x_wconf 77' lang='lat' dir='ltr'><strong>Circumire</strong></span> <span class='ocrx_word' id='word_1_93' title='bbox 759 1269 872 1334; x_wconf 88' lang='lat' dir='ltr'><strong>deinde</strong></span> <span class='ocrx_word' id='word_1_94' title='bbox 892 1271 946 1350; x_wconf 81' lang='lat' dir='ltr'><strong>[et]</strong></span> <span class='ocrx_word' id='word_1_95' title='bbox 966 1291 1079 1334; x_wconf 88' lang='lat' dir='ltr'><strong>currus</strong></span> <span class='ocrx_word' id='word_1_96' title='bbox 1098 1273 1132 1335; x_wconf 91' lang='lat' dir='ltr'><strong>et</strong></span> 
     </span>
     <span class='ocr_line' id='line_1_14' title="bbox 120 1357 1132 1443; baseline 0.002 -23"><span class='ocrx_word' id='word_1_97' title='bbox 120 1361 378 1443; x_wconf 82' lang='lat' dir='ltr'><strong>propugnatores</strong></span> <span class='ocrx_word' id='word_1_98' title='bbox 410 1360 620 1442; x_wconf 86' lang='lat' dir='ltr'><strong>praecipitare</strong></span> <span class='ocrx_word' id='word_1_99' title='bbox 652 1362 831 1442; x_wconf 89' lang='lat' dir='ltr'><strong>coeperunt.</strong></span> <span class='ocrx_word' id='word_1_100' title='bbox 884 1357 1005 1442; x_wconf 88' lang='lat' dir='ltr'><strong>Ingens</strong></span> <span class='ocrx_word' id='word_1_101' title='bbox 1036 1359 1132 1422; x_wconf 86' lang='lat' dir='ltr'><strong>ruina</strong></span> 
     </span>
    </p>

    <p class='ocr_par' dir='ltr' id='par_1_5' title="bbox 69 1444 1131 1776">
     <span class='ocr_line' id='line_1_15' title="bbox 69 1444 1131 1531; baseline -0.004 -16"><span class='ocrx_word' id='word_1_102' title='bbox 69 1466 102 1515; x_wconf 82' lang='lat'><strong>16</strong></span> <span class='ocrx_word' id='word_1_103' title='bbox 121 1465 275 1527; x_wconf 91' lang='lat' dir='ltr'><strong>equorum</strong></span> <span class='ocrx_word' id='word_1_104' title='bbox 298 1446 543 1531; x_wconf 83' lang='lat' dir='ltr'><strong>aurigarumque</strong></span> <span class='ocrx_word' id='word_1_105' title='bbox 565 1447 667 1511; x_wconf 87' lang='lat' dir='ltr'><strong>aciem</strong></span> <span class='ocrx_word' id='word_1_106' title='bbox 689 1448 899 1530; x_wconf 81' lang='lat' dir='ltr'><strong>conpleverat.</strong></span> <span class='ocrx_word' id='word_1_107' title='bbox 931 1444 977 1509; x_wconf 94' lang='lat' dir='ltr'><strong>Hi</strong></span> <span class='ocrx_word' id='word_1_108' title='bbox 998 1445 1131 1511; x_wconf 87' lang='lat' dir='ltr'><strong>territos</strong></span> 
     </span>
     <span class='ocr_line' id='line_1_16' title="bbox 121 1533 1131 1619; baseline 0.004 -25"><span class='ocrx_word' id='word_1_109' title='bbox 121 1553 230 1616; x_wconf 88' lang='lat' dir='ltr'><strong>regere</strong></span> <span class='ocrx_word' id='word_1_110' title='bbox 261 1555 328 1598; x_wconf 89' lang='lat' dir='ltr'><strong>non</strong></span> <span class='ocrx_word' id='word_1_111' title='bbox 354 1539 517 1618; x_wconf 89' lang='lat' dir='ltr'><strong>poterant,</strong></span> <span class='ocrx_word' id='word_1_112' title='bbox 549 1535 605 1619; x_wconf 90' lang='lat' dir='ltr'><strong>qui</strong></span> <span class='ocrx_word' id='word_1_113' title='bbox 631 1535 743 1600; x_wconf 88' lang='lat' dir='ltr'><strong>crebra</strong></span> <span class='ocrx_word' id='word_1_114' title='bbox 770 1535 943 1599; x_wconf 85' lang='lat' dir='ltr'><strong>iactatione</strong></span> <span class='ocrx_word' id='word_1_115' title='bbox 970 1533 1131 1598; x_wconf 87' lang='lat' dir='ltr'><strong>cervicum</strong></span> 
     </span>
     <span class='ocr_line' id='line_1_17' title="bbox 121 1620 1130 1705; baseline 0.003 -23"><span class='ocrx_word' id='word_1_116' title='bbox 121 1640 188 1682; x_wconf 92' lang='lat' dir='ltr'><strong>non</strong></span> <span class='ocrx_word' id='word_1_117' title='bbox 209 1620 320 1705; x_wconf 88' lang='lat' dir='ltr'><strong>iugum</strong></span> <span class='ocrx_word' id='word_1_118' title='bbox 342 1622 437 1687; x_wconf 90' lang='lat' dir='ltr'><strong>modo</strong></span> <span class='ocrx_word' id='word_1_119' title='bbox 461 1626 679 1705; x_wconf 69' lang='lat' dir='ltr'><strong>excusserant,</strong></span> <span class='ocrx_word' id='word_1_120' title='bbox 709 1622 765 1687; x_wconf 88' lang='lat' dir='ltr'><strong>sed</strong></span> <span class='ocrx_word' id='word_1_121' title='bbox 788 1622 887 1686; x_wconf 89' lang='lat' dir='ltr'><strong>etiam</strong></span> <span class='ocrx_word' id='word_1_122' title='bbox 908 1643 1019 1686; x_wconf 86' lang='lat' dir='ltr'><strong>currus</strong></span> <span class='ocrx_word' id='word_1_123' title='bbox 1043 1642 1130 1687; x_wconf 84' lang='lat' dir='ltr'><strong>ever-</strong></span> 
     </span>
     <span class='ocr_line' id='line_1_18' title="bbox 121 1710 1131 1794; baseline 0.003 -23"><span class='ocrx_word' id='word_1_124' title='bbox 121 1711 241 1792; x_wconf 88' lang='lat' dir='ltr'><strong>terant,</strong></span> <span class='ocrx_word' id='word_1_125' title='bbox 272 1711 430 1775; x_wconf 84' lang='lat' dir='ltr'><strong>vulnerati</strong></span> <span class='ocrx_word' id='word_1_126' title='bbox 452 1711 639 1776; x_wconf 87' lang='lat' dir='ltr'><strong>interfectos</strong></span> <span class='ocrx_word' id='word_1_127' title='bbox 660 1710 846 1794; x_wconf 76' lang='lat' dir='ltr'><strong>trahebant,</strong></span> <span class='ocrx_word' id='word_1_128' title='bbox 872 1730 932 1773; x_wconf 90' lang='lat' dir='ltr'><strong>nec</strong></span> <span class='ocrx_word' id='word_1_129' title='bbox 954 1710 1131 1774; x_wconf 86' lang='lat' dir='ltr'><strong>consistere</strong></span> 
     </span>
    </p>

    <p class='ocr_par' dir='ltr' id='par_1_6' title="bbox 69 1796 1159 2058">
     <span class='ocr_line' id='line_1_19' title="bbox 69 1796 1131 1899; baseline 0.003 -40"><span class='ocrx_word' id='word_1_130' title='bbox 69 1817 102 1866; x_wconf 80' lang='grc' dir='ltr'><strong>ιι</strong></span> <span class='ocrx_word' id='word_1_131' title='bbox 121 1796 225 1861; x_wconf 88' lang='lat' dir='ltr'><strong>territi</strong></span> <span class='ocrx_word' id='word_1_132' title='bbox 255 1819 315 1862; x_wconf 91' lang='lat' dir='ltr'><strong>nec</strong></span> <span class='ocrx_word' id='word_1_133' title='bbox 345 1799 496 1883; x_wconf 86' lang='lat' dir='ltr'><strong>progredi</strong></span> <span class='ocrx_word' id='word_1_134' title='bbox 523 1798 642 1863; x_wconf 88' lang='lat' dir='ltr'><strong>debiles</strong></span> <span class='ocrx_word' id='word_1_135' title='bbox 669 1800 828 1899; x_wconf 79' lang='lat' dir='ltr'><strong>poterant.</strong></span> <span class='ocrx_word' id='word_1_136' title='bbox 805 1796 997 1861; x_wconf 88' lang='lat' dir='ltr'><strong>tPaucae</strong></span> <span class='ocrx_word' id='word_1_137' title='bbox 1019 1801 1131 1862; x_wconf 89' lang='lat' dir='ltr'><strong>tamen</strong></span> 
     </span>
     <span class='ocr_line' id='line_1_20' title="bbox 121 1885 1130 1971; baseline 0.003 -24"><span class='ocrx_word' id='word_1_138' title='bbox 121 1904 250 1949; x_wconf 86' lang='lat' dir='ltr'><strong>evasere</strong></span> <span class='ocrx_word' id='word_1_139' title='bbox 282 1886 496 1971; x_wconf 83' lang='lat' dir='ltr'><strong>quadrigae</strong></span> <span class='ocrx_word' id='word_1_140' title='bbox 486 1908 522 1950; x_wconf 89' lang='lat' dir='ltr'><strong>m</strong></span> <span class='ocrx_word' id='word_1_141' title='bbox 548 1887 695 1952; x_wconf 86' lang='lat' dir='ltr'><strong>ultimam</strong></span> <span class='ocrx_word' id='word_1_142' title='bbox 721 1886 822 1950; x_wconf 89' lang='lat' dir='ltr'><strong>aciem</strong></span> <span class='ocrx_word' id='word_1_143' title='bbox 849 1884 906 1970; x_wconf 89' lang='lat' dir='ltr'><strong>iis,</strong></span> <span class='ocrx_word' id='word_1_144' title='bbox 937 1885 1130 1970; x_wconf 90' lang='lat' dir='ltr'><strong>quibusin-</strong></span> 
     </span>
     <span class='ocr_line' id='line_1_21' title="bbox 121 1970 1159 2058; baseline 0.002 -24"><span class='ocrx_word' id='word_1_145' title='bbox 121 1970 278 2056; x_wconf 87' lang='lat' dir='ltr'><strong>ciderant,</strong></span> <span class='ocrx_word' id='word_1_146' title='bbox 300 1974 475 2038; x_wconf 88' lang='lat' dir='ltr'><strong>miserabili</strong></span> <span class='ocrx_word' id='word_1_147' title='bbox 497 1977 600 2038; x_wconf 92' lang='lat' dir='ltr'><strong>morte</strong></span> <span class='ocrx_word' id='word_1_148' title='bbox 627 1974 838 2056; x_wconf 87' lang='lat' dir='ltr'><strong>consumptis:</strong></span> <span class='ocrx_word' id='word_1_149' title='bbox 872 1973 990 2058; x_wconf 91' lang='lat' dir='ltr'><strong>quippe</strong></span> <span class='ocrx_word' id='word_1_150' title='bbox 1018 1995 1129 2058; x_wconf 89' lang='lat' dir='ltr'><strong>ampu-</strong></span> <span class='ocrx_word' id='word_1_151' title='bbox 1156 1993 1159 1996; x_wconf 69' lang='grc'>’</span> 
     </span>
    </p>

    <p class='ocr_par' dir='ltr' id='par_1_7' title="bbox 10 2061 1130 2320">
     <span class='ocr_line' id='line_1_22' title="bbox 10 2061 1129 2146; baseline 0.004 -24"><span class='ocrx_word' id='word_1_152' title='bbox 10 2102 25 2135; x_wconf 58' lang='lat' dir='ltr'><strong>a</strong></span> <span class='ocrx_word' id='word_1_153' title='bbox 121 2062 190 2122; x_wconf 88' lang='lat' dir='ltr'><strong>tata</strong></span> <span class='ocrx_word' id='word_1_154' title='bbox 219 2061 358 2125; x_wconf 86' lang='lat' dir='ltr'><strong>virorum</strong></span> <span class='ocrx_word' id='word_1_155' title='bbox 387 2061 530 2125; x_wconf 89' lang='lat' dir='ltr'><strong>membra</strong></span> <span class='ocrx_word' id='word_1_156' title='bbox 556 2061 647 2126; x_wconf 92' lang='lat' dir='ltr'><strong>humi</strong></span> <span class='ocrx_word' id='word_1_157' title='bbox 667 2061 829 2146; x_wconf 87' lang='lat' dir='ltr'><strong>iacebant,</strong></span> <span class='ocrx_word' id='word_1_158' title='bbox 856 2064 897 2144; x_wconf 71' lang='lat' dir='ltr'><strong>et,</strong></span> <span class='ocrx_word' id='word_1_159' title='bbox 919 2061 995 2145; x_wconf 90' lang='lat' dir='ltr'><strong>quia</strong></span> <span class='ocrx_word' id='word_1_160' title='bbox 1018 2062 1129 2126; x_wconf 86' lang='lat' dir='ltr'><strong>calidis</strong></span> 
     </span>
     <span class='ocr_line' id='line_1_23' title="bbox 122 2146 1130 2233; baseline 0.004 -23"><span class='ocrx_word' id='word_1_161' title='bbox 122 2146 226 2211; x_wconf 88' lang='lat' dir='ltr'><strong>adhuc</strong></span> <span class='ocrx_word' id='word_1_162' title='bbox 254 2148 440 2213; x_wconf 84' lang='lat' dir='ltr'><strong>vulneribus</strong></span> <span class='ocrx_word' id='word_1_163' title='bbox 467 2150 579 2214; x_wconf 88' lang='lat' dir='ltr'><strong>aberat</strong></span> <span class='ocrx_word' id='word_1_164' title='bbox 564 2150 708 2232; x_wconf 93' lang='lat' dir='ltr'><strong>dtolor,</strong></span> <span class='ocrx_word' id='word_1_165' title='bbox 739 2149 846 2213; x_wconf 88' lang='lat' dir='ltr'><strong>trunci</strong></span> <span class='ocrx_word' id='word_1_166' title='bbox 867 2170 995 2233; x_wconf 89' lang='lat' dir='ltr'><strong>quoque</strong></span> <span class='ocrx_word' id='word_1_167' title='bbox 1022 2152 1056 2214; x_wconf 90' lang='lat' dir='ltr'><strong>et</strong></span> <span class='ocrx_word' id='word_1_168' title='bbox 1078 2150 1130 2214; x_wconf 91' lang='lat' dir='ltr'><strong>de·</strong></span> 
     </span>
     <span class='ocr_line' id='line_1_24' title="bbox 121 2234 1130 2320; baseline 0.005 -23"><span class='ocrx_word' id='word_1_169' title='bbox 121 2234 202 2298; x_wconf 91' lang='lat' dir='ltr'><strong>biles</strong></span> <span class='ocrx_word' id='word_1_170' title='bbox 225 2236 354 2319; x_wconf 91' lang='lat' dir='ltr'><strong>quidam</strong></span> <span class='ocrx_word' id='word_1_171' title='bbox 377 2259 556 2302; x_wconf 83' lang='lat' dir='ltr'><strong>armenon</strong></span> <span class='ocrx_word' id='word_1_172' title='bbox 578 2238 784 2320; x_wconf 88' lang='lat' dir='ltr'><strong>omittebant,</strong></span> <span class='ocrx_word' id='word_1_173' title='bbox 806 2237 907 2301; x_wconf 87' lang='lat' dir='ltr'><strong>donec</strong></span> <span class='ocrx_word' id='word_1_174' title='bbox 930 2238 1034 2302; x_wconf 88' lang='lat' dir='ltr'><strong>multo</strong></span> <span class='ocrx_word' id='word_1_175' title='bbox 1057 2259 1130 2302; x_wconf 88' lang='lat' dir='ltr'><strong>san·</strong></span> 
     </span>
    </p>

    <p class='ocr_par' dir='ltr' id='par_1_8' title="bbox 69 2323 1131 2761">
     <span class='ocr_line' id='line_1_25' title="bbox 69 2323 1129 2409; baseline 0.004 -24"><span class='ocrx_word' id='word_1_176' title='bbox 69 2346 103 2396; x_wconf 82' lang='lat'><strong>18</strong></span> <span class='ocrx_word' id='word_1_177' title='bbox 122 2323 218 2406; x_wconf 90' lang='lat' dir='ltr'><strong>guine</strong></span> <span class='ocrx_word' id='word_1_178' title='bbox 241 2324 340 2389; x_wconf 85' lang='lat' dir='ltr'><strong>effuso</strong></span> <span class='ocrx_word' id='word_1_179' title='bbox 363 2325 537 2390; x_wconf 90' lang='lat' dir='ltr'><strong>exanimati</strong></span> <span class='ocrx_word' id='word_1_180' title='bbox 558 2326 811 2409; x_wconf 89' lang='lat' dir='ltr'><strong>procumberent.</strong></span> <span class='ocrx_word' id='word_1_181' title='bbox 856 2324 992 2389; x_wconf 89' lang='lat' dir='ltr'><strong>Interim</strong></span> <span class='ocrx_word' id='word_1_182' title='bbox 1013 2325 1129 2390; x_wconf 88' lang='lat' dir='ltr'><strong>Aretes</strong></span> 
     </span>
     <span class='ocr_line' id='line_1_26' title="bbox 122 2409 1129 2496; baseline 0.003 -21"><span class='ocrx_word' id='word_1_183' title='bbox 122 2409 325 2496; x_wconf 81' lang='lat' dir='ltr'><strong>Scytharum,</strong></span> <span class='ocrx_word' id='word_1_184' title='bbox 354 2413 411 2496; x_wconf 92' lang='lat' dir='ltr'><strong>qui</strong></span> <span class='ocrx_word' id='word_1_185' title='bbox 435 2413 654 2496; x_wconf 88' lang='lat' dir='ltr'><strong>inpedimenta</strong></span> <span class='ocrx_word' id='word_1_186' title='bbox 680 2413 889 2496; x_wconf 85' lang='lat' dir='ltr'><strong>diripiebant,</strong></span> <span class='ocrx_word' id='word_1_187' title='bbox 917 2413 996 2479; x_wconf 89' lang='lat' dir='ltr'><strong>duce</strong></span> <span class='ocrx_word' id='word_1_188' title='bbox 1024 2414 1129 2478; x_wconf 86' lang='lat' dir='ltr'><strong>occiso</strong></span> 
     </span>
     <span class='ocr_line' id='line_1_27' title="bbox 122 2499 1128 2584; baseline 0.004 -22"><span class='ocrx_word' id='word_1_189' title='bbox 122 2499 250 2583; x_wconf 77' lang='lat' dir='ltr'><strong>gravim</strong></span> <span class='ocrx_word' id='word_1_190' title='bbox 272 2500 393 2565; x_wconf 87' lang='lat' dir='ltr'><strong>territis</strong></span> <span class='ocrx_word' id='word_1_191' title='bbox 414 2501 567 2566; x_wconf 91' lang='lat' dir='ltr'><strong>instabat.</strong></span> <span class='ocrx_word' id='word_1_192' title='bbox 606 2499 822 2584; x_wconf 83' lang='lat' dir='ltr'><strong>Supervenere</strong></span> <span class='ocrx_word' id='word_1_193' title='bbox 845 2501 958 2565; x_wconf 89' lang='lat' dir='ltr'><strong>deinde</strong></span> <span class='ocrx_word' id='word_1_194' title='bbox 981 2520 1000 2564; x_wconf 86' lang='lat' dir='ltr'><strong>a</strong></span> <span class='ocrx_word' id='word_1_195' title='bbox 1022 2499 1128 2566; x_wconf 87' lang='lat' dir='ltr'><strong>Dareo</strong></span> 
     </span>
     <span class='ocr_line' id='line_1_28' title="bbox 121 2586 1129 2674; baseline 0.004 -23"><span class='ocrx_word' id='word_1_196' title='bbox 121 2586 286 2652; x_wconf 87' lang='lat' dir='ltr'><strong>Bactriani</strong></span> <span class='ocrx_word' id='word_1_197' title='bbox 320 2609 512 2673; x_wconf 89' lang='lat' dir='ltr'><strong>pugnaeque</strong></span> <span class='ocrx_word' id='word_1_198' title='bbox 544 2593 668 2655; x_wconf 84' lang='lat' dir='ltr'><strong>vertere</strong></span> <span class='ocrx_word' id='word_1_199' title='bbox 698 2590 872 2654; x_wconf 88' lang='lat' dir='ltr'><strong>fortunam.</strong></span> <span class='ocrx_word' id='word_1_200' title='bbox 924 2587 1020 2653; x_wconf 89' lang='lat' dir='ltr'><strong>Multi</strong></span> <span class='ocrx_word' id='word_1_201' title='bbox 1052 2610 1129 2674; x_wconf 91' lang='lat' dir='ltr'><strong>ergo</strong></span> 
     </span>
     <span class='ocr_line' id='line_1_29' title="bbox 121 2675 1131 2761; baseline 0.003 -22"><span class='ocrx_word' id='word_1_202' title='bbox 121 2675 333 2742; x_wconf 88' lang='lat' dir='ltr'><strong>Macedonum</strong></span> <span class='ocrx_word' id='word_1_203' title='bbox 368 2677 473 2760; x_wconf 89' lang='lat' dir='ltr'><strong>primo</strong></span> <span class='ocrx_word' id='word_1_204' title='bbox 509 2679 631 2761; x_wconf 91' lang='lat' dir='ltr'><strong>impetu</strong></span> <span class='ocrx_word' id='word_1_205' title='bbox 667 2678 779 2743; x_wconf 88' lang='lat' dir='ltr'><strong>obtriti</strong></span> <span class='ocrx_word' id='word_1_206' title='bbox 814 2681 905 2761; x_wconf 90' lang='lat' dir='ltr'><strong>sunt,</strong></span> <span class='ocrx_word' id='word_1_207' title='bbox 944 2678 1052 2760; x_wconf 89' lang='lat' dir='ltr'><strong>plures</strong></span> <span class='ocrx_word' id='word_1_208' title='bbox 1090 2678 1131 2742; x_wconf 87' lang='lat' dir='ltr'><strong>ad</strong></span> 
     </span>
    </p>

    <p class='ocr_par' dir='ltr' id='par_1_9' title="bbox 69 2762 1130 2850">
     <span class='ocr_line' id='line_1_30' title="bbox 69 2762 1130 2850; baseline 0.004 -24"><span class='ocrx_word' id='word_1_209' title='bbox 69 2785 102 2836; x_wconf 83' lang='lat'><strong>19</strong></span> <span class='ocrx_word' id='word_1_210' title='bbox 121 2762 340 2829; x_wconf 82' lang='lat' dir='ltr'><strong>Alexandrum</strong></span> <span class='ocrx_word' id='word_1_211' title='bbox 362 2765 558 2850; x_wconf 86' lang='lat' dir='ltr'><strong>refugerunt</strong></span> <span class='ocrx_word' id='word_1_212' title='bbox 594 2766 678 2830; x_wconf 82' lang='lat' dir='ltr'><strong>Tum</strong></span> <span class='ocrx_word' id='word_1_213' title='bbox 700 2765 816 2830; x_wconf 90' lang='lat' dir='ltr'><strong>Persae</strong></span> <span class='ocrx_word' id='word_1_214' title='bbox 835 2767 972 2829; x_wconf 87' lang='lat' dir='ltr'><strong>clamore</strong></span> <span class='ocrx_word' id='word_1_215' title='bbox 991 2765 1130 2848; x_wconf 89' lang='lat' dir='ltr'><strong>sublato,</strong></span> 
     </span>
    </p>

    <p class='ocr_par' dir='ltr' id='par_1_10' title="bbox 18 2851 1131 3199">
     <span class='ocr_line' id='line_1_31' title="bbox 18 2851 1130 2937; baseline 0.004 -23"><span class='ocrx_word' id='word_1_216' title='bbox 18 2859 22 2865; x_wconf 84' lang='lat'>&#39;</span> <span class='ocrx_word' id='word_1_217' title='bbox 122 2851 250 2935; x_wconf 88' lang='lat' dir='ltr'><strong>qualem</strong></span> <span class='ocrx_word' id='word_1_218' title='bbox 266 2853 405 2918; x_wconf 84' lang='lat' dir='ltr'><strong>victores</strong></span> <span class='ocrx_word' id='word_1_219' title='bbox 423 2855 528 2918; x_wconf 89' lang='lat' dir='ltr'><strong>solent</strong></span> <span class='ocrx_word' id='word_1_220' title='bbox 546 2852 646 2936; x_wconf 88' lang='lat' dir='ltr'><strong>edere,</strong></span> <span class='ocrx_word' id='word_1_221' title='bbox 663 2853 810 2917; x_wconf 88' lang='lat' dir='ltr'><strong>ferociter</strong></span> <span class='ocrx_word' id='word_1_222' title='bbox 827 2853 863 2916; x_wconf 92' lang='lat' dir='ltr'><strong>in</strong></span> <span class='ocrx_word' id='word_1_223' title='bbox 879 2853 1016 2932; x_wconf 91' lang='lat' dir='ltr'><strong>hostem,</strong></span> <span class='ocrx_word' id='word_1_224' title='bbox 1037 2854 1130 2937; x_wconf 88' lang='lat' dir='ltr'><strong>quasi</strong></span> 
     </span>
     <span class='ocr_line' id='line_1_32' title="bbox 120 2938 1129 3025; baseline 0.003 -22"><span class='ocrx_word' id='word_1_225' title='bbox 120 2938 239 3022; x_wconf 89' lang='lat' dir='ltr'><strong>ubique</strong></span> <span class='ocrx_word' id='word_1_226' title='bbox 270 2941 489 3025; x_wconf 89' lang='lat' dir='ltr'><strong>profligatum,</strong></span> <span class='ocrx_word' id='word_1_227' title='bbox 524 2941 734 3004; x_wconf 86' lang='lat' dir='ltr'><strong>incurrerunt.</strong></span> <span class='ocrx_word' id='word_1_228' title='bbox 788 2939 970 3004; x_wconf 85' lang='lat' dir='ltr'><strong>Alexander</strong></span> <span class='ocrx_word' id='word_1_229' title='bbox 998 2941 1129 3006; x_wconf 92' lang='lat' dir='ltr'><strong>territos</strong></span> 
     </span>
     <span class='ocr_line' id='line_1_33' title="bbox 121 3026 1131 3132; baseline 0.004 -42"><span class='ocrx_word' id='word_1_230' title='bbox 121 3027 292 3111; x_wconf 87' lang='lat' dir='ltr'><strong>castigare,</strong></span> <span class='ocrx_word' id='word_1_231' title='bbox 324 3028 502 3113; x_wconf 89' lang='lat' dir='ltr'><strong>adhortari,</strong></span> <span class='ocrx_word' id='word_1_232' title='bbox 533 3027 703 3111; x_wconf 90' lang='lat' dir='ltr'><strong>proelium,</strong></span> <span class='ocrx_word' id='word_1_233' title='bbox 735 3026 911 3112; x_wconf 79' lang='lat' dir='ltr'><strong>quodiam</strong></span> <span class='ocrx_word' id='word_1_234' title='bbox 933 3029 1131 3132; x_wconf 88' lang='lat' dir='ltr'><strong>elanguerat,</strong></span> 
     </span>
     <span class='ocr_line' id='line_1_34' title="bbox 123 3114 1129 3199; baseline 0.003 -20"><span class='ocrx_word' id='word_1_235' title='bbox 123 3115 211 3179; x_wconf 89' lang='lat' dir='ltr'><strong>solus</strong></span> <span class='ocrx_word' id='word_1_236' title='bbox 234 3115 418 3180; x_wconf 87' lang='lat' dir='ltr'><strong>accendere:</strong></span> <span class='ocrx_word' id='word_1_237' title='bbox 450 3114 709 3199; x_wconf 87' lang='lat' dir='ltr'><strong>confirmatisque</strong></span> <span class='ocrx_word' id='word_1_238' title='bbox 732 3114 865 3178; x_wconf 59' lang='lat' dir='ltr'><strong>andem</strong></span> <span class='ocrx_word' id='word_1_239' title='bbox 887 3117 1003 3181; x_wconf 89' lang='lat' dir='ltr'><strong>animis</strong></span> <span class='ocrx_word' id='word_1_240' title='bbox 1025 3118 1073 3181; x_wconf 89' lang='lat' dir='ltr'><strong>ire</strong></span> <span class='ocrx_word' id='word_1_241' title='bbox 1095 3118 1129 3182; x_wconf 91' lang='lat' dir='ltr'><strong>in</strong></span> 
     </span>
    </p>

    <p class='ocr_par' dir='ltr' id='par_1_11' title="bbox 67 3201 1178 3465">
     <span class='ocr_line' id='line_1_35' title="bbox 67 3201 1178 3276; baseline -0.001 -9"><span class='ocrx_word' id='word_1_242' title='bbox 67 3225 103 3276; x_wconf 65' lang='grc' dir='ltr'><strong>ιο</strong></span> <span class='ocrx_word' id='word_1_243' title='bbox 120 3201 248 3268; x_wconf 89' lang='lat' dir='ltr'><strong>hostem</strong></span> <span class='ocrx_word' id='word_1_244' title='bbox 270 3203 368 3268; x_wconf 91' lang='lat' dir='ltr'><strong>iubet.</strong></span> <span class='ocrx_word' id='word_1_245' title='bbox 405 3203 522 3269; x_wconf 83' lang='lat' dir='ltr'><strong>Rarior</strong></span> <span class='ocrx_word' id='word_1_246' title='bbox 544 3203 629 3267; x_wconf 85' lang='lat' dir='ltr'><strong>acies</strong></span> <span class='ocrx_word' id='word_1_247' title='bbox 650 3203 751 3267; x_wconf 87' lang='lat' dir='ltr'><strong>erat</strong></span> <span class='ocrx_word' id='word_1_248' title='bbox 742 3225 777 3266; x_wconf 94' lang='grc' dir='ltr'><strong>ιιι</strong></span> <span class='ocrx_word' id='word_1_249' title='bbox 799 3203 911 3268; x_wconf 81' lang='lat' dir='ltr'><strong>dextro</strong></span> <span class='ocrx_word' id='word_1_250' title='bbox 933 3226 1033 3269; x_wconf 90' lang='lat' dir='ltr'><strong>cornu</strong></span> <span class='ocrx_word' id='word_1_251' title='bbox 1056 3204 1130 3270; x_wconf 89' lang='lat' dir='ltr'><strong>Per·</strong></span> <span class='ocrx_word' id='word_1_252' title='bbox 1166 3215 1178 3266; x_wconf 47' lang='lat'><strong>:⁴</strong></span> 
     </span>
     <span class='ocr_line' id='line_1_36' title="bbox 122 3290 1129 3377; baseline 0.002 -21"><span class='ocrx_word' id='word_1_253' title='bbox 122 3312 242 3370; x_wconf 90' lang='lat' dir='ltr'><strong>sarum,</strong></span> <span class='ocrx_word' id='word_1_254' title='bbox 273 3310 413 3376; x_wconf 90' lang='lat' dir='ltr'><strong>namque</strong></span> <span class='ocrx_word' id='word_1_255' title='bbox 438 3292 513 3356; x_wconf 89' lang='lat' dir='ltr'><strong>inde</strong></span> <span class='ocrx_word' id='word_1_256' title='bbox 534 3290 698 3356; x_wconf 82' lang='lat' dir='ltr'><strong>Bactriani</strong></span> <span class='ocrx_word' id='word_1_257' title='bbox 724 3291 937 3356; x_wconf 86' lang='lat' dir='ltr'><strong>discesserant</strong></span> <span class='ocrx_word' id='word_1_258' title='bbox 959 3293 1000 3357; x_wconf 93' lang='lat' dir='ltr'><strong>ad</strong></span> <span class='ocrx_word' id='word_1_259' title='bbox 1022 3315 1064 3377; x_wconf 93' lang='lat' dir='ltr'><strong>op</strong></span> <span class='ocrx_word' id='word_1_260' title='bbox 1043 3294 1129 3377; x_wconf 88' lang='lat' dir='ltr'><strong>ppri-</strong></span> 
     </span>
     <span class='ocr_line' id='line_1_37' title="bbox 122 3378 1129 3465; baseline 0.004 -22"><span class='ocrx_word' id='word_1_261' title='bbox 122 3380 239 3445; x_wconf 88' lang='lat' dir='ltr'><strong>menda</strong></span> <span class='ocrx_word' id='word_1_262' title='bbox 260 3380 487 3463; x_wconf 77' lang='lat' dir='ltr'><strong>inpedimenta,</strong></span> <span class='ocrx_word' id='word_1_263' title='bbox 521 3379 636 3465; x_wconf 86' lang='lat' dir='ltr'><strong>Itaque</strong></span> <span class='ocrx_word' id='word_1_264' title='bbox 649 3378 832 3444; x_wconf 87' lang='lat' dir='ltr'><strong>Alexander</strong></span> <span class='ocrx_word' id='word_1_265' title='bbox 853 3379 978 3446; x_wconf 87' lang='lat' dir='ltr'><strong>laxatos</strong></span> <span class='ocrx_word' id='word_1_266' title='bbox 1000 3382 1129 3448; x_wconf 89' lang='lat' dir='ltr'><strong>ordines</strong></span> 
     </span>
    </p>

    <p class='ocr_par' dir='ltr' id='par_1_12' title="bbox 55 3467 1130 3555">
     <span class='ocr_line' id='line_1_38' title="bbox 55 3467 1130 3555; baseline 0.005 -25"><span class='ocrx_word' id='word_1_267' title='bbox 55 3487 95 3531; x_wconf 75' lang='lat'><strong>21</strong></span> <span class='ocrx_word' id='word_1_268' title='bbox 112 3468 246 3532; x_wconf 68' lang='lat' dir='ltr'><strong>arado</strong></span> <span class='ocrx_word' id='word_1_269' title='bbox 266 3472 300 3532; x_wconf 89' lang='lat' dir='ltr'><strong>et</strong></span> <span class='ocrx_word' id='word_1_270' title='bbox 319 3468 425 3532; x_wconf 85' lang='lat' dir='ltr'><strong>multa</strong></span> <span class='ocrx_word' id='word_1_271' title='bbox 447 3468 543 3532; x_wconf 87' lang='lat' dir='ltr'><strong>caede</strong></span> <span class='ocrx_word' id='word_1_272' title='bbox 564 3468 707 3533; x_wconf 89' lang='lat' dir='ltr'><strong>hostium</strong></span> <span class='ocrx_word' id='word_1_273' title='bbox 729 3467 899 3532; x_wconf 88' lang='lat' dir='ltr'><strong>invehitur.</strong></span> <span class='ocrx_word' id='word_1_274' title='bbox 943 3467 990 3532; x_wconf 87' lang='lat' dir='ltr'><strong>At</strong></span> <span class='ocrx_word' id='word_1_275' title='bbox 1016 3470 1072 3555; x_wconf 92' lang='lat' dir='ltr'><strong>qui</strong></span> <span class='ocrx_word' id='word_1_276' title='bbox 1094 3472 1130 3535; x_wconf 92' lang='lat' dir='ltr'><strong>in</strong></span> 
     </span>
    </p>

    <p class='ocr_par' dir='ltr' id='par_1_13' title="bbox 94 3552 1134 3644">
     <span class='ocr_line' id='line_1_39' title="bbox 94 3552 1134 3644; baseline 0.011 -34"><span class='ocrx_word' id='word_1_277' title='bbox 94 3552 193 3619; x_wconf 71' lang='lat' dir='ltr'><strong>laevo</strong></span> <span class='ocrx_word' id='word_1_278' title='bbox 228 3577 334 3623; x_wconf 85' lang='lat' dir='ltr'><strong>cornu</strong></span> <span class='ocrx_word' id='word_1_279' title='bbox 373 3560 470 3624; x_wconf 86' lang='lat' dir='ltr'><strong>erant</strong></span> <span class='ocrx_word' id='word_1_280' title='bbox 505 3556 644 3640; x_wconf 88' lang='lat' dir='ltr'><strong>Persae,</strong></span> <span class='ocrx_word' id='word_1_281' title='bbox 683 3577 742 3644; x_wconf 88' lang='lat' dir='ltr'><strong>spe</strong></span> <span class='ocrx_word' id='word_1_282' title='bbox 771 3577 869 3642; x_wconf 83' lang='lat' dir='ltr'><strong>posse</strong></span> <span class='ocrx_word' id='word_1_283' title='bbox 898 3575 974 3619; x_wconf 84' lang='lat' dir='ltr'><strong>eum</strong></span> <span class='ocrx_word' id='word_1_284' title='bbox 999 3559 1134 3639; x_wconf 75' lang='lat' dir='ltr'><strong>includi,</strong></span> 
     </span>
    </p>
   </div>
   <div class='ocr_carea' id='block_1_3' title="bbox 0 0 1182 3846">
    <p class='ocr_par' dir='ltr' id='par_1_14' title="bbox 0 0 1182 3846">
     <span class='ocr_line' id='line_1_40' title="bbox 0 0 1182 3846; baseline 0 1"><span class='ocrx_word' id='word_1_285' title='bbox 0 0 1182 3846; x_wconf 95' lang='lat' dir='ltr'><strong> </strong></span> 
     </span>
    </p>
   </div>
  </div>
 </body>
</html>
