2356 3846
223 154 480 213 nrsroamsuu
498 154 714 213 annuarum
731 155 783 226 xv,
804 162 845 210 11.
866 161 907 211 12.
1029 156 1072 221 63

52 305 137 368 tuna
169 299 244 366 est'
287 299 403 386 Legati
428 300 636 384 respondent,
667 321 741 365 cum
762 300 883 366 bellum
905 300 939 364 in
962 303 1071 367 animo
1090 321 1127 372 aa

54 389 109 471 sit,
130 389 236 454 facere
255 410 328 454 eum
348 389 543 473 simpliciter,
566 388 651 474 quod
670 410 726 472 spe
744 390 834 472 pacis
852 411 917 454 non
937 389 1071 455 frustra-

53 481 159 543 rctur:
190 477 280 560 ipsos
306 481 428 561 petere,
453 480 492 541 ut
518 498 615 561 quam
641 478 780 561 primum
804 478 1007 543 dimittantur
1030 479 1073 543 ad

49 585 181 650 regem:
214 587 286 630 eum
318 586 444 650 quoque
473 565 594 630 bellum
622 587 735 648 parare
763 565 887 632 debere.
936 565 1072 632 Dimissi

53 655 211 719 nuntiant
233 654 344 726 adesse
366 656 536 718 certamem

481 809 559 877 Ora.
581 810 653 878 XII.

10 917 44 984 15
146 917 205 982 Ille
219 918 348 1002 quidem
360 917 530 983 confestim
542 917 708 983 Mazaeum
722 941 794 984 eum
808 920 912 985 tribus
926 921 1071 1005 equitum
1091 941 1105 987 1

56 1006 188 1072 milibus
216 1007 257 1071 ad
282 1007 410 1091 itinera,
442 1028 523 1091 quac
549 1007 652 1072 hostis
679 1009 837 1090 petiturus
865 1011 946 1092 erat,
979 1030 1070 1073 occu-

55 1093 165 1178 panda
191 1096 364 1178 praemisit
400 1093 581 1160 Alexander
606 1097 732 1179 corpori
754 1097 862 1161 uxoris
886 1097 953 1161 eius
976 1097 1106 1164 iustisa

55 1183 230 1267 persolutis
253 1184 403 1268 omnique
426 1184 572 1269 graviore
595 1184 749 1248 comitatu
768 1184 854 1249 intra
872 1184 983 1249 eadem
1001 1206 1070 1249 mu-

55 1271 203 1337 nimenta
229 1293 302 1337 cum
323 1272 449 1336 modico
471 1272 630 1355 praesidio
653 1273 763 1337 relicto
787 1272 827 1337 ad
849 1274 976 1340 hostem
995 1294 1071 1337 con-

55 1359 171 1425 tendit.
228 1360 272 1425 Iu
311 1359 374 1425 duo
414 1381 534 1424 cornua
575 1361 726 1425 diviserat
765 1360 905 1444 peditem
943 1357 1107 1446 utriques

56 1448 152 1513 lateri
191 1448 297 1533 equite
338 1448 552 1513 circumdato:
601 1448 819 1532 inpedimenta
856 1451 1073 1534 sequebantur

57 1556 184 1621 agmen.
210 1536 425 1602 Praemissum
439 1536 553 1601 deinde
571 1558 644 1601 cum
658 1537 729 1601 citis
744 1537 903 1621 equitibus
918 1537 1071 1602 Menidan
1089 1556 1108 1605 4

56 1625 148 1689 iubet
174 1625 352 1709 explorare,
380 1625 437 1689 ubi
459 1623 583 1689 Dareus
608 1628 699 1689 esset.
744 1624 789 1690 At
811 1626 879 1709 ille,
907 1648 979 1690 cum
1002 1625 1071 1690 Ma-

56 1733 152 1778 zaeus
179 1713 266 1779 haud
292 1714 404 1796 procul
432 1714 641 1796 consedisset,
673 1734 740 1777 non
770 1734 867 1778 ausus
890 1715 974 1778 ultra
997 1734 1070 1797 pro·

57 1800 179 1887 cedere,
201 1800 283 1865 nihil
306 1801 392 1865 aliud
411 1823 507 1886 quam
525 1801 690 1865 fremitum
708 1800 875 1864 hominum
893 1801 1071 1865 hinnitum·

58 1909 120 1973 que
143 1909 297 1973 equorum
321 1889 488 1954 exaudisse
510 1889 647 1954 nuntiat.
680 1887 828 1953 Mazaeus
852 1910 978 1973 quoque
997 1906 1109 1957 con-t

58 1977 177 2060 spectis
203 1978 314 2060 procul
337 1977 592 2061 exploratoribus
614 1977 648 2040 in
671 1981 777 2041 castra
800 1998 834 2040 se
856 1977 989 2061 recepit,
1017 1976 1072 2041 ad-

57 2068 174 2131 ventus
204 2065 347 2131 hostium
377 2067 519 2130 nuntius.
568 2064 673 2149 Igitur
698 2063 837 2149 Dareus,
868 2066 923 2149 qui
954 2066 989 2128 in
1016 2087 1072 2148 pa·

56 2153 202 2219 tentibus
218 2154 338 2236 campis
353 2153 519 2217 decernere
534 2153 676 2237 optabat,
699 2153 816 2216 armari
834 2153 968 2217 militem
982 2153 1073 2217 iubet

58 2242 222 2326 aciemque
255 2241 404 2324 disponit.
461 2239 501 2306 In
534 2242 625 2306 laevo
658 2262 757 2306 cornu
784 2240 948 2305 Bactriani
980 2241 1107 2309 ibanto

57 2331 195 2414 equites,
221 2329 308 2394 mille
331 2328 515 2394 admodum:
551 2329 663 2394 Dahae
686 2328 821 2394 totidem
845 2333 878 2393 et
899 2329 1073 2394 Arachosii

57 2417 249 2502 Susianique
272 2420 423 2502 quattuor
445 2417 534 2481 milia
556 2418 736 2500 explebant.
772 2416 842 2482 Hos
865 2421 994 2482 centum
1012 2416 1073 2481 fal·

58 2509 122 2573 cati
164 2528 274 2571 currus
313 2506 535 2590 sequebantur.
593 2505 763 2571 Proximus
804 2505 966 2590 quadrigis
1003 2509 1074 2570 erat

56 2594 178 2660 Bessus
215 2616 288 2659 cum
321 2611 383 2658 vm
414 2594 544 2658 milibus
576 2594 731 2678 equitum,
772 2593 849 2658 item
881 2593 1072 2658 Bactrianis.

57 2682 261 2769 Massagetae
298 2682 421 2746 duobus
458 2682 588 2746 milibus
622 2702 739 2766 agmen
771 2682 839 2746 eius
871 2681 1072 2746 claudebant.

57 2772 187 2837 Pedites
213 2770 265 2836 his
292 2770 432 2853 plurium
461 2771 606 2854 gentium
631 2791 699 2834 non
722 2769 888 2852 inmixtos,
917 2769 972 2832 sed
996 2789 1108 2837 suaet

58 2861 212 2945 cuiusque
234 2859 376 2924 nationis
398 2859 547 2923 iunxerat
569 2859 687 2941 copias.
723 2857 838 2922 Persas
861 2857 974 2922 deinde
998 2878 1071 2922 cum

57 2948 180 3014 Mardis
204 2945 437 3032 Sogdianisque
460 2946 693 3011 Ariobarzanes
717 2950 749 3011 et
772 2944 987 3010 Orontobates
1015 2946 1072 3009 du

58 3039 184 3103 cebant
228 3035 281 3101 Illi
303 3035 449 3119 partibus
472 3035 645 3118 copiarum,
667 3055 811 3099 summae
830 3032 959 3098 Orsines
980 3054 1109 3117 prae-8

58 3130 141 3210 erat,
174 3147 194 3189 a
226 3127 347 3208 septem
379 3122 485 3187 Persis
517 3123 683 3206 oriundus,
719 3121 759 3187 ad
787 3120 904 3205 Cyrum
936 3143 1072 3205 quoque,

57 3214 295 3281 nobilissimum
318 3232 436 3296 regem,
459 3211 616 3296 originem
640 3212 690 3275 sui
711 3210 861 3275 referens.
896 3209 965 3274 Hos
989 3210 1108 3277 eliaca

59 3308 189 3390 gentes,
227 3321 268 3365 ne
304 3300 399 3366 sociis
432 3299 559 3384 quidem
592 3301 670 3364 satis
701 3302 810 3383 notae,
847 3298 1071 3382 sequebantur.

58 3390 137 3458 Post
170 3411 250 3475 quas
277 3406 299 3455 L
327 3388 500 3473 quadrigas
526 3387 702 3451 Phradates
732 3407 851 3471 magno
880 3385 1072 3469 Caspiorum

63 3480 193 3566 agmine
216 3476 432 3542 antecedebat.
472 3475 545 3540 Indi
568 3476 727 3561 ceterique
749 3476 839 3540 rubri
861 3474 958 3538 maris
982 3495 1072 3537 acco·

55 3568 117 3651 1²⁹2
148 3567 281 3631 Homine
310 3565 417 3634 verius
445 3588 545 3654 quam
573 3565 713 3653 auxilia,
738 3568 822 3652 post
846 3581 965 3627 currus
990 3560 1104 3617 erana.
