2356 3846
239 160 494 218 fllsroamaun
511 161 728 218 ALEXANDRI
746 161 807 232 Vll,
825 168 850 220 ι.
870 169 894 218 6.
1009 163 1071 227 167

61 305 196 387 adduxi,
223 326 261 370 eo
285 306 381 371 modo
404 310 548 390 captum,
575 307 666 371 euius
688 308 759 390 ipse
781 306 859 372 fecit
882 308 1073 391 exemplum.

62 393 202 478 Aperiat
220 393 260 458 ad
279 393 341 459 hoc
361 394 579 477 spectaculum
598 394 708 460 oculos
722 393 859 460 Dareus!
882 394 1013 460 Existat
1032 395 1071 459 ab

61 481 189 566 inferis,
211 483 267 566 qui
289 481 348 546 illo
368 481 527 565 supplicio
550 481 703 566 indignus
725 482 788 546 fuit
811 483 928 554 ethoc
952 483 1073 548 solacio

61 571 182 656 dignus
202 569 276 634 esti’
317 569 500 635 Alexander
518 571 658 635 multum
676 571 868 636 conlaudato
887 570 1073 656 Spitamene
1092 588 1126 639 38

61 679 237 723 conuersus
269 658 310 723 ad
336 657 487 736 Bessum,
520 656 651 741 ‘Cuius',
683 659 802 742 inquit,
834 658 934 725 ‘ferae
966 660 1073 725 rabies

62 745 233 829 occuparit
260 746 403 810 animum
432 751 538 829 tuum,
569 767 642 810 cum
674 766 786 830 regem
818 747 857 811 de
888 751 921 811 te
952 749 1073 832 optime

63 835 215 899 meritum
234 834 324 918 prius
343 834 472 918 vincire,
491 834 604 899 deinde
619 834 762 899 occidere
781 835 988 900 sustinuisti?
1012 834 1074 900 Sed

62 922 159 987 huius
183 921 350 1006 parricidii
369 922 549 993 mercedem
576 922 662 987 falso
685 925 771 1008 regis
793 924 924 988 nomine
951 924 1073 1007 persol-

63 1011 143 1075 visti
164 1009 248 1075 tibi'.
283 1009 344 1075 Ille
367 1010 493 1076 facinus
515 1030 654 1096 purgare
678 1033 744 1076 non
766 1033 862 1076 ausus
885 1013 972 1096 regis
995 1011 1073 1076 titu-
1093 1030 1127 1080 se

63 1098 132 1163 lum
160 1119 195 1162 se
221 1119 380 1182 usurpare
407 1098 503 1183 dixit,
530 1103 566 1163 ut
593 1103 722 1185 gentem
745 1120 837 1176 suam
859 1098 986 1164 tradere
1010 1100 1073 1183 ipsi

62 1189 187 1271 possse:
211 1187 266 1270 qui
290 1186 318 1250 si
342 1191 513 1270 cessasset,
537 1187 636 1252 alium
659 1187 760 1252 fuisse
782 1207 918 1271 regnum
939 1208 1073 1271 occupa·

62 1278 183 1339 turum.
223 1274 268 1339 Et
286 1274 469 1339 Alexander
488 1274 665 1358 Oxathren,
688 1275 824 1341 fratrem
843 1274 956 1359 Darei,
979 1297 1073 1360 quem
1092 1294 1128 1343 40

62 1365 150 1427 inter
167 1363 311 1446 corporis
326 1363 473 1428 custodes
492 1363 644 1447 habebat,
660 1365 794 1448 propius
812 1365 907 1429 iussit
926 1364 1074 1429 accedere

62 1450 212 1534 tradique
228 1450 366 1515 Bessum
384 1451 427 1534 ei,
445 1455 482 1515 ut
501 1452 586 1516 cruci
604 1451 744 1516 adfixum
763 1452 924 1517 mutilatis
943 1452 1073 1517 auribus

61 1538 259 1621 naribusque
282 1539 413 1622 sagittis
431 1539 631 1625 configerent
652 1539 784 1604 barbari
803 1541 1074 1624 adservarentque

62 1648 193 1710 corpus,
224 1630 261 1691 ut
291 1647 332 1691 ne
363 1648 439 1691 ares
471 1628 600 1710 quidem
633 1628 868 1713 contingerent.
913 1627 1073 1693 Oxathres
1092 1646 1125 1695 41

62 1719 171 1780 cetera
185 1713 254 1779 'sibi
267 1735 363 1779 curae
376 1714 445 1780 fore
458 1716 642 1798 pollicetur:
662 1736 737 1779 aves
756 1737 822 1780 non
836 1715 877 1780 ab
893 1716 957 1780 alio
977 1737 1075 1799 quam

63 1825 83 1867 a
107 1801 229 1867 (latone
251 1823 347 1886 posse
370 1803 536 1886 prohiberi
559 1803 672 1886 adicit,
699 1803 850 1868 eximiam
873 1804 942 1868 eius
970 1808 1074 1869 artem

62 1891 196 1974 cupiens
220 1890 402 1955 ostendere:
429 1912 567 1975 namque
594 1891 674 1955 adeo
702 1894 791 1955 certo
818 1892 885 1955 ictu
912 1892 1075 1956 destinata

61 1978 216 2061 feriebat,
247 1982 285 2043 ut
315 2000 390 2043 aves
421 2000 547 2063 quoque
579 1978 752 2062 exciperet.
800 1978 894 2045 Nunc
927 1978 1075 2060 forsitan,
1093 1997 1128 2046 ιι

62 2065 243 2151 sagittandi
269 2070 336 2131 tam
364 2066 484 2131 celebri
510 2088 584 2150 usu,
611 2068 718 2130 minus
746 2065 948 2131 admirabilis
973 2066 1076 2131 videri

61 2177 116 2220 ars
153 2154 233 2219 haec
268 2155 387 2237 possit·
425 2157 495 2219 tum
525 2155 642 2239 ingens
673 2153 852 2222 visentibus
883 2155 1074 2221 miraculum

62 2262 248 2329 magnoque
270 2241 387 2307 honori
409 2239 472 2307 (lat
458 2242 525 2307 teni
547 2242 618 2307 fuit.
662 2241 756 2307 Dona
778 2241 892 2307 deinde
916 2243 1075 2325 omnibus,
1093 2232 1129 2310 la

63 2332 122 2417 qui
143 2330 282 2395 Bessum
309 2330 523 2413 adduxerant,
550 2330 627 2396 data
650 2333 733 2395 sunt.
779 2328 929 2396 (letarum
954 2331 1074 2431 suppli·

62 2420 149 2484 cium
178 2418 246 2483 eius
274 2417 415 2501 distulit,
442 2425 480 2483 ut
508 2439 545 2483 eo
572 2418 658 2500 loco,
685 2417 721 2482 in
749 2439 811 2502 quo
838 2418 1014 2484 Dareum'
1004 2439 1075 2501 rpse

62 2506 241 2600 occiderat,
262 2509 432 2571 necaretur
394 2528 441 2570 ur.

491 2652 569 2720 Osa
594 2653 649 2720 VI.

10 2769 53 2857 25
152 2769 280 2836 interea
302 2769 495 2836 Macedones
518 2767 560 2834 ad
587 2767 762 2854 petendum
788 2768 976 2852 pabulum
966 2788 1074 2832 incon·
1095 2785 1109 2834 1

61 2860 173 2944 posito
204 2858 333 2943 agmine
365 2858 489 2942 egressi
521 2879 542 2922 a
572 2857 733 2936 barbaris,
766 2857 820 2941 qui
852 2856 891 2920 de
918 2856 1074 2941 proximis

62 2947 231 3013 montibus
263 2946 486 3029 decurrerunt,
522 2907 749 3029 opprimuntrir
782 2945 955 3029 pluresque
987 2944 1076 3027 capti

62 3039 141 3100 sunt
173 3056 269 3119 quam
305 3035 416 3100 occisi.
450 3034 581 3099 barbari
612 3037 721 3098 autem
753 3033 897 3116 captivos
929 3054 1006 3117 prae
1041 3050 1110 3098 sea

61 3126 198 3210 agentes
215 3144 325 3189 rursus
344 3124 379 3187 in
396 3126 540 3187 montem
557 3125 767 3186 recesserunt.
804 3143 847 3184 xx
865 3121 959 3186 milia
976 3121 1075 3186 latro·

60 3214 267 3277 numerant.
288 3211 397 3276 fundis
417 3211 776 3361 sagittisquetpugnam
792 3208 958 3275 invadunt
986 3208 1111 3285 Quose

60 3301 141 3366 dam
159 3298 287 3365 obsidet
304 3320 373 3401 rex,
394 3299 479 3363 inter
497 3320 613 3383 promp
614 3297 759 3363 tissimus
778 3297 934 3364 dimicans
953 3296 1075 3380 sagitta

60 3389 148 3455 ictus
167 3391 230 3471 est,
248 3409 331 3471 quae
348 3388 385 3452 in
403 3386 508 3452 medio
527 3407 617 3451 crure
636 3386 701 3451 fixa
718 3386 893 3470 reliquerat
908 3386 1074 3486 spiculum.

47 3475 162 3542 'Illum
185 3475 315 3560 quidem
338 3477 455 3541 maesti
478 3478 511 3539 et
534 3472 668 3540 attoniti
690 3473 920 3540 Macedones'
910 3496 952 3534 un
969 3474 1087 3534 essese.
1101 3489 1127 3528 ιι

58 3563 257 3630 referebant:
279 3563 336 3630 sed
353 3585 415 3632 nec
438 3564 604 3633 barbaros
620 3563 750 3630 leiellit
769 3561 963 3627 subductus
978 3572 1028 3610 ex
1037 3547 1117 3606 aaa
