2356 3846
123 159 190 226 202
496 160 528 228 Q.
547 159 658 216 GURTI
675 159 763 216 amu

71 315 104 365 ιτ
124 305 246 371 virium
265 304 398 370 monuit
432 303 479 369 Et
495 303 550 368 ille
568 325 626 389 per
643 304 769 387 ludum,
791 306 874 369 bene
891 304 968 369 dece
993 302 1140 390 euadere,

72 491 105 541 a
123 393 299 547 {tellit
314 392 760 564 tlttittttttllat
788 390 1139 546 ῗὲἔιᾚιῗῗωῗῗιξ

123 570 158 635 in
173 569 347 635 stationem
362 572 583 634 successerant
597 572 673 633 ante
687 568 826 634 cubiculi
842 568 930 634 fores
944 568 1138 653 excubitori,

124 657 229 722 adhuc
250 661 362 722 tamen
380 657 540 722 coniurati
558 656 689 722 stabant
710 657 781 722 vice
799 655 900 721 officii
924 657 975 722 sui
994 658 1137 742 expleta:

124 746 205 811 adeo
223 746 373 829 pertinax
392 749 547 829 spes-est,
570 767 667 829 quam
684 744 844 810 humanae
863 748 989 810 mentes
1006 744 1138 812 devora

70 844 104 892 19
124 837 247 899 verunt.
283 833 353 898 Rex
375 834 549 917 benignius
570 855 666 918 quam
685 833 766 897 alias
786 833 957 899 adlocutus·
973 832 1137 900 discedere

124 943 180 987 eos
210 921 252 986 ed
278 921 421 987 curanda
447 942 596 1005 corpora,
624 920 777 1005 quoniam
803 925 875 987 tota
896 925 993 987 nocte
1020 923 1136 1006 persti-

124 1010 251 1094 tissent,
270 1010 370 1075 iubet
405 1008 493 1075 Data
511 1009 647 1096 singulis
665 1027 687 1074 n
707 1009 858 1074 sestertia
877 1009 1136 1095 conlaudatique,

125 1090 212 1182 quod
238 1099 337 1163 etiam
365 1098 439 1163 aliis
467 1097 587 1163 tradita
612 1097 682 1162 rice
708 1100 820 1163 temen
846 1097 1004 1164 excubare
1029 1119 1136 1182 perse·

69 1198 105 1248 20
124 1189 298 1252 verassent
342 1185 397 1251 Illi
418 1189 513 1252 tanta
535 1207 593 1270 epe
615 1186 765 1251 destituti
786 1187 899 1275 domos
920 1187 1052 1254 abeunt
1092 1186 1174 1253 Erat

123 1275 223 1340 ceteri
245 1273 375 1358 quidem
393 1274 609 1358 expectabant
626 1274 779 1340 stationis
797 1296 875 1340 suae
892 1270 1037 1340 noctem:
1059 1275 1138 1360 Epi·

123 1384 234 1428 menes
253 1363 321 1427 sive
339 1362 493 1428 comitate
515 1363 616 1448 regis,
639 1385 704 1448 qua
721 1363 829 1446 ipsum
846 1363 932 1428 inter
950 1363 1138 1432 coniuratos

123 1453 305 1603 epcpperat,
335 1455 659 1604 {epoptefmtutatua
682 1451 872 1604 ilmlquda
903 1451 1027 1536 coeptis
1059 1451 1137 1606 depps

123 1558 379 1710 dxpsrellsdmcreessee
398 1560 1137 1713 loiseliilloldlllat,l1rd1disalirildrn,¹a{2ritl

69 1727 102 1776 21
124 1713 282 1779 Omnibus
309 1714 462 1781 Philotae
488 1715 684 1801 supplicium
710 1717 745 1781 in
768 1715 871 1782 oculis
895 1720 975 1781 erat.
1020 1715 1135 1802 ltaque

122 1804 273 1887 protinus
304 1802 399 1869 inicit
429 1803 526 1869 fratri
553 1825 683 1869 manum
711 1807 745 1869 et
775 1804 810 1869 in
835 1804 961 1888 regiam
986 1806 1136 1889 pervenit

123 1891 336 1975 excitatisque
359 1893 548 1957 custodibus
572 1893 717 1976 corporis
735 1891 776 1957 ad
799 1893 937 1958 salutem
954 1893 1043 1978 regie
1066 1914 1134 1978 per·

67 1991 103 2040 22
122 1979 240 2064 tinere,
263 2001 344 2063 qnae
364 1978 516 2063 adferret,
539 1979 698 2045 adfirmat.
733 1979 780 2046 Et
794 1985 940 2066 tempus,
961 2002 1025 2065 quo
1043 2003 1134 2048 vene·

121 2070 211 2151 rant,
242 2070 276 2131 et
306 2068 428 2152 vultus,
458 2067 546 2133 haud
578 2090 655 2134 sane
687 2068 791 2136 securi
822 2068 922 2134 animi
955 2068 1066 2155 index,
1102 2073 1133 2135 et

122 2154 286 2220 maestitia
304 2177 322 2220 e
339 2155 464 2221 duobus
483 2156 618 2221 alterius
636 2155 860 2222 Ptolemaeum
879 2178 916 2222 ac
931 2155 1132 2224 Leonnatum

121 2242 317 2307 excubantes
352 2243 393 2307 ad
430 2243 569 2310 cubiculi
600 2243 702 2309 limen
738 2245 968 2310 excitaverunt.
1020 2244 1132 2332 Itaque

122 2330 244 2415 apertis
280 2331 406 2396 foribus
436 2335 472 2396 et
506 2331 628 2397 lumine
662 2331 766 2397 inlato
798 2333 940 2421 sopitum
974 2353 1067 2400 mero
1097 2353 1130 2400 eo

122 2440 236 2485 somno
260 2418 404 2484 excitant
425 2439 544 2504 regem.
588 2419 649 2485 Ille
675 2419 834 2504 paulatim
860 2423 969 2486 mente
989 2421 1129 2505 collecta,

66 2519 102 2568 23
122 2507 199 2594 quid
222 2505 394 2592 adferrent,
416 2507 607 2593 interrogat.
642 2505 712 2573 Nec
735 2510 905 2574 cunctatus
925 2507 1127 2593 Eurylochus

120 2617 188 2661 non
215 2617 253 2661 ex
275 2599 348 2662 toto
376 2594 506 2663 domum
533 2618 628 2663 suam
655 2595 796 2662 aversari
824 2595 901 2661 deos
929 2595 1028 2682 dixit,
1058 2597 1128 2683 quio

120 2684 223 2749 frater
249 2685 366 2768 ipsius,
395 2705 590 2770 quamquam
612 2685 747 2768 impium
769 2683 895 2749 facinus
918 2705 1018 2751 ausus
1039 2685 1127 2768 foret,

120 2775 232 2837 tamen
245 2774 279 2836 et
291 2772 525 2856 paenitentiam
544 2772 612 2837 eius
627 2776 740 2858 ageret
753 2775 786 2837 et
804 2792 863 2856 per
876 2793 911 2838 se
923 2773 1126 2857 potissimum

120 2858 328 2942 profiteretur
358 2859 522 2925 indicium.
570 2857 610 2924 In
637 2881 709 2927 eam
739 2861 845 2945 ipsam
875 2864 1020 2946 noctem,
1051 2879 1126 2947 quse

120 2945 301 3031 decederet,
328 2946 463 3013 insidiae
486 2950 679 3030 conparatas
706 2947 807 3015 fixisse
833 2952 981 3016 auctores
1004 2947 1126 3017 scelesti

66 3043 103 3094 at
121 3034 248 3099 consilii
261 3056 342 3119 esee,
359 3055 440 3121 quos
454 3035 588 3101 minime
602 3035 746 3102 crederet
762 3058 828 3103 rex.
860 3036 944 3104 Tum
957 3036 1126 3122 Epimenes

121 3124 238 3187 cuncta
265 3122 376 3189 ordine
399 3123 662 3208 consciorumque
688 3126 822 3191 nomina
846 3126 988 3211 exponit
1034 3125 1126 3195 (lulli-

121 3208 259 3276 athenen
284 3232 351 3276 non
378 3215 416 3276 ut
437 3212 630 3296 participem
655 3211 809 3279 facinoris
835 3214 1041 3281 nominatum
1062 3233 1127 3282 esee

120 3298 301 3383 constabat,
314 3299 372 3364 sed
386 3300 520 3367 solitum
536 3322 710 3387 puerorum
728 3303 932 3369 sermonibus
948 3302 1128 3389 vituperan-

119 3387 204 3454 tium
232 3387 534 3474 criminantiumque
559 3410 670 3476 regem
701 3389 813 3456 faciles
843 3411 937 3456 auree
967 3392 1128 3476 praebme

51 3483 93 3533 26
111 3475 253 3551 Quidam
283 3476 443 3564 adiciunt,
472 3498 545 3544 cum
566 3476 762 3545 Hermolaus
790 3478 875 3562 apud
902 3499 977 3544 eum
1003 3498 1128 3566 quoqne

96 3563 312 3638 verberatum
336 3591 376 3639 se
398 3591 421 3638 a
440 3587 520 3655 rege
544 3570 753 3657 quereretux,
772 3565 893 3631 dixisse
904 3546 1134 3651 belesmensi„
