2356 3846
122 151 186 215 132
491 147 524 214 o.
544 146 759 202 cucusum
819 194 822 198 ,

121 295 207 380 quod
235 297 332 378 caput
359 314 453 359 suum
479 293 683 376 permisisset
711 291 787 356 fidei
814 291 918 358 adhuc
940 292 1139 376 inexpertae.

122 385 174 448 Ad
193 383 344 448 ultimum
358 381 499 446 aversari
517 382 621 446 scelus
639 383 901 464 perseverantem
914 381 1032 447 mortis
1048 386 1139 447 metu

71 495 104 542 10
122 476 236 537 terret:
261 472 302 535 ab
325 470 382 534 illo
402 469 507 552 capite
526 469 710 534 coniuratos
733 469 989 553 pulcherrimum
1010 469 1138 536 facinus

71 583 102 630 11
124 560 340 625 incohaturus.
381 558 473 622 Alias
497 557 611 622 deinde
635 557 854 622 effeminatum
880 562 914 623 et
931 558 1139 625 muliebriter

122 648 285 730 timidum,
313 646 394 711 alias
422 645 621 731 proditorem
655 646 810 711 amatoris
837 646 1023 731 appellans,
1052 669 1139 713 nunc

122 737 268 822 ingentia
285 736 480 819 promittens
494 769 538 782 -·-
552 734 777 818 interdumque
794 754 931 818 regnum
951 756 1081 819 quoque
1096 773 1138 782 -

122 826 275 890 versabat
303 825 445 888 animum
472 826 566 887 tanto
593 821 736 887 facinore
761 823 872 906 procul
899 822 1140 890 abhorrentem.

72 936 103 983 12
125 913 280 978 Strictum
307 911 419 976 deinde
447 910 593 995 gladium
619 910 716 976 modo
742 911 845 994 illius,
871 910 968 976 modo
997 934 1058 977 suo
1086 913 1140 977 ad-

123 1023 255 1067 movens
284 1000 410 1084 iugulo,
443 1000 578 1083 supplex
605 999 690 1063 idem
723 1002 756 1063 et
786 999 937 1083 infestus,
970 1001 1140 1084 expressit,

122 1096 159 1155 ut
186 1090 317 1154 tandem
345 1110 411 1153 non
444 1088 549 1153 solum
578 1087 758 1172 silentium,
789 1088 845 1152 sed
873 1088 972 1152 etiam
1005 1111 1140 1172 operam

72 1200 105 1249 13
122 1179 338 1262 polliceretur.
361 1175 508 1259 Namque
519 1175 646 1240 abunde
657 1177 835 1241 constantis
851 1176 952 1241 animi
966 1180 1000 1242 et
1012 1177 1140 1262 dignus,

124 1269 179 1350 qui
197 1266 332 1350 pudicus
347 1268 440 1348 esset,
458 1264 541 1328 nihil
556 1286 595 1328 ex
612 1265 751 1348 pristina
764 1266 932 1329 voluntate
945 1269 1141 1350 mutaverat,

125 1354 180 1419 sed
214 1357 343 1436 captum
374 1351 495 1436 Dymni
523 1374 632 1418 amore
664 1353 839 1417 simulabat
868 1353 953 1418 nihil
979 1376 1140 1420 recusare.

71 1464 105 1512 14
124 1441 289 1507 Sciscitari
302 1441 376 1505 inde
394 1441 517 1525 pergit,
535 1463 608 1505 cum
627 1442 744 1525 quibus
757 1445 870 1506 tantae
883 1442 932 1506 rei
946 1443 1139 1508 societatem

123 1531 250 1595 inisset:
274 1530 448 1613 plurimum
469 1528 601 1612 referre,
624 1529 736 1613 quales
756 1529 817 1593 viri
840 1533 909 1593 tarn
931 1532 1140 1596 memorabili

73 1640 106 1690 15
125 1620 215 1702 operi
234 1619 395 1683 admoturi
415 1640 528 1682 manus
549 1622 665 1682 essent.
700 1616 761 1680 Ille
780 1621 813 1682 et
832 1638 940 1683 amore
965 1622 999 1683 et
1018 1621 1139 1685 scelere

124 1709 208 1772 male
228 1730 324 1772 sanus
349 1707 444 1772 simul
463 1706 586 1790 gratias
606 1705 690 1790 agit,
711 1706 809 1770 simul
828 1707 1028 1791 gratulatur,
1053 1708 1139 1793 quod

123 1796 310 1860 fortissimis
333 1796 484 1860 iuvenum
509 1815 576 1858 non
598 1794 782 1858 dubitasset
804 1816 839 1858 se
863 1794 1052 1879 adiungere,
1077 1795 1138 1861 De·

123 1886 255 1968 metrio,
275 1885 419 1967 eorporis
438 1883 564 1948 custodi
582 1882 755 1965 Peucolao,
772 1882 941 1948 Nicanori:
966 1884 1068 1948 adicit
1086 1885 1137 1950 his

123 1972 340 2056 Aphobetum,
357 1972 492 2054 Iolaum,
505 1971 699 2054 Diorenum,
713 1970 931 2055 Archepolim,
947 1971 1137 2056 Amyntam.
1146 1973 1175 2038 2(

72 2083 104 2131 16
123 2060 175 2125 Ab
199 2061 260 2125 hoo
283 2081 430 2125 sermone
453 2059 606 2123 dimissus
629 2059 846 2124 Nicomachus
870 2061 911 2124 ad
933 2059 1071 2126 fratrem
1095 2099 1136 2108 —-

124 2146 279 2213 Cebalino
300 2151 371 2212 erat
388 2168 508 2211 nomen
525 2183 561 2192 —
580 2169 661 2230 quae
681 2151 862 2230 acceperat,
881 2147 993 2214 defert.
1026 2149 1138 2214 Placet

123 2238 229 2319 ipsum
263 2236 438 2300 subsistere
470 2236 504 2298 in
531 2235 753 2319 tabernaculo,
785 2257 840 2320 ne,
872 2236 900 2300 si
931 2238 1057 2321 regiam
1089 2237 1135 2302 in-

124 2329 256 2409 trasset,
279 2346 346 2389 non
370 2323 520 2388 adsuetus
544 2323 632 2387 adire
655 2345 779 2408 regem,
806 2324 966 2389 coniurati
988 2326 1135 2408 proditos

72 2436 102 2483 1‘1
125 2436 158 2478 se
184 2435 252 2478 esse
276 2413 493 2478 resciscerent.
534 2411 608 2495 Ipse
632 2409 806 2477 Cebalinus
834 2415 909 2477 ante
938 2414 1137 2480 vestibulum

123 2504 232 2587 regiae
262 2538 300 2548 —
329 2523 433 2584 neque
462 2501 547 2565 enim
578 2500 710 2584 propius
739 2500 845 2565 aditus
875 2500 905 2564 ei
932 2502 1071 2585 patebat
1096 2539 1134 2550 -

124 2591 287 2674 consistit,
319 2590 489 2673 opperiens
522 2587 663 2672 aliquem
691 2610 729 2653 ex
761 2589 867 2672 prima
895 2590 1029 2655 cohorte
1057 2592 1136 2659 ami·

71 2699 104 2748 18
125 2700 246 2762 corum,
268 2701 289 2743 u
312 2698 376 2762 quo
399 2678 655 2742 introduceretur
678 2679 718 2742 ad
740 2698 859 2762 regem.
895 2676 993 2742 Forte
1019 2680 1137 2744 ceteris

124 2768 265 2831 dimissis
285 2789 368 2831 unus
387 2764 547 2848 Philotas,
570 2765 794 2831 Parmenionis
815 2766 903 2830 filius
921 2767 1137 2833 -incertum

123 2875 220 2937 quam
244 2856 285 2919 ob
307 2876 438 2920 causam
456 2853 711 2918 —substiterat
733 2856 769 2918 in
790 2855 890 2939 regia
925 2854 1011 2920 Huic
1034 2854 1136 2922 Oeba-

123 2942 209 3007 linus
238 2964 292 3006 ore
322 2941 453 3007 confuso
482 2960 620 3024 magnae
653 2942 905 3025 perturbationis
934 2947 1030 3008 notas
1058 2967 1137 3028 prae

124 3052 158 3094 se
184 3030 291 3094 ferens
321 3030 438 3114 aperit,
465 3052 547 3115 quae
575 3050 612 3092 ex
639 3028 741 3094 fratre
773 3034 976 3114 conpererat,
1005 3035 1038 3097 et
1066 3033 1136 3098 sine

72 3137 104 3187 ra
124 3117 280 3182 dilatione
303 3119 447 3183 nuntiari
468 3119 540 3203 regi
565 3117 665 3182 iubet.
709 3117 856 3184 Philotas
880 3119 1074 3186 conlaudato
1098 3143 1137 3186 oo

122 3206 271 3290 protinus
299 3206 402 3271 intrat
429 3206 471 3270 ad
493 3204 711 3271 Alexandrum
739 3208 905 3291 multoque
935 3210 1073 3274 invicem
1097 3209 1136 3273 de

124 3295 198 3360 aliis
225 3295 320 3359 rebus
344 3315 491 3359 sermone
514 3299 706 3378 consumpto
728 3294 811 3359 nihil
834 3317 957 3381 eorum,
986 3319 1069 3381 quae
1098 3320 1137 3362 ex

70 3403 104 3452 ao
125 3381 279 3448 Cebalino
300 3388 509 3467 cognoverat,
527 3383 665 3448 nuntiat.
701 3380 767 3452 Sub
785 3405 953 3467 vesperam
973 3407 1047 3451 eum
1063 3407 1136 3470 pro·

114 3473 271 3538 deuntem
293 3473 329 3538 in
354 3471 515 3537 vestibulo
538 3471 646 3557 regiae
670 3471 790 3556 excipit
812 3473 951 3556 invenis,
981 3496 1022 3539 an
1046 3496 1135 3540 man·

35 3573 75 3620 21
98 3559 215 3626 datum
255 3566 415 3632 executus
449 3561 552 3650 foret,
583 3560 763 3650 requirens.
812 3558 878 3624 llle
908 3583 978 3624 non
1002 3583 1136 3636 uacasse
