<?xml version="1.0" encoding="UTF-8"?>
<!DOCTYPE html PUBLIC "-//W3C//DTD XHTML 1.0 Transitional//EN"
    "http://www.w3.org/TR/xhtml1/DTD/xhtml1-transitional.dtd">
<html xmlns="http://www.w3.org/1999/xhtml" xml:lang="en" lang="en">
 <head>
  <title>
</title>
<meta http-equiv="Content-Type" content="text/html;charset=utf-8" />
  <meta name='ocr-system' content='tesseract 3.04.00' />
  <meta name='ocr-capabilities' content='ocr_page ocr_carea ocr_par ocr_line ocrx_word'/>
</head>
<body>
  <div class='ocr_page' id='page_1' title='image "./incertiauctoris00heydgoog_0295.png"; bbox 0 0 2370 3834; ppageno 0'>
   <div class='ocr_carea' id='block_1_1' title="bbox 152 179 1078 255">
    <p class='ocr_par' dir='ltr' id='par_1_1' title="bbox 152 179 1078 255">
     <span class='ocr_line' id='line_1_1' title="bbox 152 179 1078 255; baseline 0.018 -21"><span class='ocrx_word' id='word_1_1' title='bbox 152 191 157 195; x_wconf 88' lang='grc'><strong>’</strong></span> <span class='ocrx_word' id='word_1_2' title='bbox 275 179 532 238; x_wconf 77' lang='lat' dir='ltr'><strong>HISTORIARUM</strong></span> <span class='ocrx_word' id='word_1_3' title='bbox 550 180 766 238; x_wconf 77' lang='lat' dir='ltr'>ALEXANDRI</span> <span class='ocrx_word' id='word_1_4' title='bbox 784 182 819 255; x_wconf 89' lang='lat' dir='ltr'><strong>X,</strong></span> <span class='ocrx_word' id='word_1_5' title='bbox 840 191 863 240; x_wconf 93' lang='lat'><strong>1.</strong></span> <span class='ocrx_word' id='word_1_6' title='bbox 1014 185 1078 250; x_wconf 79' lang='grc'><strong>259</strong></span> 
     </span>
    </p>
   </div>
   <div class='ocr_carea' id='block_1_2' title="bbox 21 325 1137 3612">
    <p class='ocr_par' dir='ltr' id='par_1_2' title="bbox 56 325 1137 949">
     <span class='ocr_line' id='line_1_2' title="bbox 57 325 1078 414; baseline 0.001 -22"><span class='ocrx_word' id='word_1_7' title='bbox 57 325 243 411; x_wconf 88' lang='lat' dir='ltr'><strong>septiremis</strong></span> <span class='ocrx_word' id='word_1_8' title='bbox 271 349 385 393; x_wconf 87' lang='lat' dir='ltr'><strong>omnes</strong></span> <span class='ocrx_word' id='word_1_9' title='bbox 413 349 484 394; x_wconf 87' lang='lat' dir='ltr'><strong>esse</strong></span> <span class='ocrx_word' id='word_1_10' title='bbox 511 327 689 413; x_wconf 84' lang='lat' dir='ltr'><strong>deducique</strong></span> <span class='ocrx_word' id='word_1_11' title='bbox 715 326 896 414; x_wconf 76' lang='lat' dir='ltr'><strong>Babylona</strong></span> <span class='ocrx_word' id='word_1_12' title='bbox 941 327 1078 414; x_wconf 76' lang='lat' dir='ltr'><strong>Cyprio-</strong></span> 
     </span>
     <span class='ocr_line' id='line_1_3' title="bbox 56 415 1079 507; baseline 0.001 -26"><span class='ocrx_word' id='word_1_13' title='bbox 56 437 131 481; x_wconf 86' lang='lat' dir='ltr'><strong>rum</strong></span> <span class='ocrx_word' id='word_1_14' title='bbox 157 415 291 505; x_wconf 88' lang='lat' dir='ltr'><strong>regibus</strong></span> <span class='ocrx_word' id='word_1_15' title='bbox 316 416 530 503; x_wconf 85' lang='lat' dir='ltr'><strong>imperatum,</strong></span> <span class='ocrx_word' id='word_1_16' title='bbox 559 420 598 483; x_wconf 93' lang='lat' dir='ltr'><strong>ut</strong></span> <span class='ocrx_word' id='word_1_17' title='bbox 625 439 679 484; x_wconf 89' lang='lat' dir='ltr'><strong>ass</strong></span> <span class='ocrx_word' id='word_1_18' title='bbox 704 421 922 507; x_wconf 72' lang='lat' dir='ltr'>stuppamque</span> <span class='ocrx_word' id='word_1_19' title='bbox 950 422 983 484; x_wconf 88' lang='lat' dir='ltr'><strong>st</strong></span> <span class='ocrx_word' id='word_1_20' title='bbox 1004 418 1079 483; x_wconf 75' lang='lat' dir='ltr'><strong>uela</strong></span> 
     </span>
     <span class='ocr_line' id='line_1_4' title="bbox 56 503 1133 592; baseline 0 -22"><span class='ocrx_word' id='word_1_21' title='bbox 56 503 260 590; x_wconf 81' lang='lat' dir='ltr'><strong>praeberent</strong></span> <span class='ocrx_word' id='word_1_22' title='bbox 291 504 383 571; x_wconf 80' lang='lat' dir='ltr'><strong>Haeo</strong></span> <span class='ocrx_word' id='word_1_23' title='bbox 401 505 512 592; x_wconf 88' lang='lat' dir='ltr'><strong>agenti</strong></span> <span class='ocrx_word' id='word_1_24' title='bbox 526 505 603 572; x_wconf 89' lang='lat' dir='ltr'><strong>Pori</strong></span> <span class='ocrx_word' id='word_1_25' title='bbox 624 510 658 573; x_wconf 93' lang='lat' dir='ltr'><strong>et</strong></span> <span class='ocrx_word' id='word_1_26' title='bbox 670 506 796 572; x_wconf 77' lang='lat' dir='ltr'><strong>Taxilis</strong></span> <span class='ocrx_word' id='word_1_27' title='bbox 814 527 929 592; x_wconf 88' lang='lat' dir='ltr'><strong>regum</strong></span> <span class='ocrx_word' id='word_1_28' title='bbox 948 507 1080 573; x_wconf 77' lang='lat' dir='ltr'><strong>litterae</strong></span> <span class='ocrx_word' id='word_1_29' title='bbox 1098 517 1133 570; x_wconf 79' lang='lat'><strong>20</strong></span> 
     </span>
     <span class='ocr_line' id='line_1_5' title="bbox 56 593 1137 683; baseline 0.003 -24"><span class='ocrx_word' id='word_1_30' title='bbox 56 593 245 681; x_wconf 86' lang='lat' dir='ltr'><strong>traduntur,</strong></span> <span class='ocrx_word' id='word_1_31' title='bbox 281 593 445 661; x_wconf 78' lang='lat' dir='ltr'><strong>Abisaren</strong></span> <span class='ocrx_word' id='word_1_32' title='bbox 477 597 607 676; x_wconf 89' lang='lat' dir='ltr'><strong>morbo,</strong></span> <span class='ocrx_word' id='word_1_33' title='bbox 642 595 846 682; x_wconf 84' lang='lat' dir='ltr'><strong>Philippum,</strong></span> <span class='ocrx_word' id='word_1_34' title='bbox 877 596 1079 683; x_wconf 81' lang='lat' dir='ltr'><strong>praelectum</strong></span> <span class='ocrx_word' id='word_1_35' title='bbox 1134 640 1137 647; x_wconf 88' lang='lat'>-</span> 
     </span>
     <span class='ocr_line' id='line_1_6' title="bbox 56 682 1131 859; baseline -0.005 -21"><span class='ocrx_word' id='word_1_36' title='bbox 56 682 237 838; x_wconf 59' lang='lat' dir='ltr'><strong>itit</strong></span> <span class='ocrx_word' id='word_1_37' title='bbox 250 684 1079 859; x_wconf 42' lang='lat' dir='ltr'><strong>&#39;utttttttttpttttl’stistte</strong></span> <span class='ocrx_word' id='word_1_38' title='bbox 1097 786 1131 834; x_wconf 73' lang='lat'><strong>21</strong></span> 
     </span>
     <span class='ocr_line' id='line_1_7' title="bbox 57 859 1137 949; baseline 0.004 -24"><span class='ocrx_word' id='word_1_39' title='bbox 57 859 123 925; x_wconf 79' lang='lat' dir='ltr'><strong>dux</strong></span> <span class='ocrx_word' id='word_1_40' title='bbox 141 865 214 927; x_wconf 81' lang='lat' dir='ltr'><strong>erat</strong></span> <span class='ocrx_word' id='word_1_41' title='bbox 226 860 398 928; x_wconf 74' lang='lat' dir='ltr'><strong>Thraoum.</strong></span> <span class='ocrx_word' id='word_1_42' title='bbox 426 859 576 927; x_wconf 74' lang='lat' dir='ltr'>Abisaris</span> <span class='ocrx_word' id='word_1_43' title='bbox 593 882 729 949; x_wconf 85' lang='lat' dir='ltr'><strong>regnum</strong></span> <span class='ocrx_word' id='word_1_44' title='bbox 747 863 817 927; x_wconf 82' lang='lat' dir='ltr'><strong>tilio</strong></span> <span class='ocrx_word' id='word_1_45' title='bbox 832 863 901 929; x_wconf 90' lang='lat' dir='ltr'><strong>eius</strong></span> <span class='ocrx_word' id='word_1_46' title='bbox 917 864 1079 929; x_wconf 74' lang='lat' dir='ltr'><strong>attribuit.</strong></span> <span class='ocrx_word' id='word_1_47' title='bbox 1134 906 1137 911; x_wconf 94' lang='lat'><em>-</em></span> 
     </span>
    </p>

    <p class='ocr_par' dir='ltr' id='par_1_3' title="bbox 21 945 1134 2195">
     <span class='ocr_line' id='line_1_8' title="bbox 21 945 1132 1037; baseline -0.003 -21"><span class='ocrx_word' id='word_1_48' title='bbox 21 945 47 1016; x_wconf 84' lang='grc'>4</span> <span class='ocrx_word' id='word_1_49' title='bbox 147 948 291 1016; x_wconf 79' lang='lat' dir='ltr'><strong>Ventum</strong></span> <span class='ocrx_word' id='word_1_50' title='bbox 320 955 371 1017; x_wconf 91' lang='lat' dir='ltr'><strong>est</strong></span> <span class='ocrx_word' id='word_1_51' title='bbox 393 950 508 1016; x_wconf 86' lang='lat' dir='ltr'><strong>deinde</strong></span> <span class='ocrx_word' id='word_1_52' title='bbox 530 950 732 1036; x_wconf 71' lang='lat' dir='ltr'><strong>Parsagada:</strong></span> <span class='ocrx_word' id='word_1_53' title='bbox 760 951 894 1019; x_wconf 85' lang='lat' dir='ltr'><strong>Persica</strong></span> <span class='ocrx_word' id='word_1_54' title='bbox 916 955 966 1017; x_wconf 84' lang='lat' dir='ltr'><strong>est</strong></span> <span class='ocrx_word' id='word_1_55' title='bbox 989 973 1079 1037; x_wconf 88' lang='lat' dir='ltr'><strong>gens,</strong></span> <span class='ocrx_word' id='word_1_56' title='bbox 1097 963 1132 1013; x_wconf 73' lang='lat'><strong>22</strong></span> 
     </span>
     <span class='ocr_line' id='line_1_9' title="bbox 56 1038 1079 1125; baseline 0.001 -22"><span class='ocrx_word' id='word_1_57' title='bbox 56 1038 149 1104; x_wconf 87' lang='lat' dir='ltr'><strong>ouius</strong></span> <span class='ocrx_word' id='word_1_58' title='bbox 171 1042 320 1125; x_wconf 80' lang='lat' dir='ltr'><strong>satrapes</strong></span> <span class='ocrx_word' id='word_1_59' title='bbox 338 1039 470 1106; x_wconf 87' lang='lat' dir='ltr'><strong>Orsines</strong></span> <span class='ocrx_word' id='word_1_60' title='bbox 493 1043 573 1122; x_wconf 87' lang='lat' dir='ltr'><strong>erat,</strong></span> <span class='ocrx_word' id='word_1_61' title='bbox 595 1041 769 1107; x_wconf 87' lang='lat' dir='ltr'><strong>nobilitate</strong></span> <span class='ocrx_word' id='word_1_62' title='bbox 792 1062 831 1106; x_wconf 87' lang='lat' dir='ltr'><strong>ae</strong></span> <span class='ocrx_word' id='word_1_63' title='bbox 851 1039 973 1106; x_wconf 81' lang='lat' dir='ltr'><strong>divitiis</strong></span> <span class='ocrx_word' id='word_1_64' title='bbox 992 1042 1079 1106; x_wconf 89' lang='lat' dir='ltr'><strong>inter</strong></span> 
     </span>
     <span class='ocr_line' id='line_1_10' title="bbox 57 1127 1132 1217; baseline -0.004 -24"><span class='ocrx_word' id='word_1_65' title='bbox 57 1149 169 1194; x_wconf 85' lang='lat' dir='ltr'><strong>omnes</strong></span> <span class='ocrx_word' id='word_1_66' title='bbox 186 1129 345 1195; x_wconf 84' lang='lat' dir='ltr'><strong>barbaros</strong></span> <span class='ocrx_word' id='word_1_67' title='bbox 365 1129 519 1195; x_wconf 86' lang='lat' dir='ltr'><strong>eminens.</strong></span> <span class='ocrx_word' id='word_1_68' title='bbox 551 1127 661 1197; x_wconf 79' lang='lat' dir='ltr'><strong>Genus</strong></span> <span class='ocrx_word' id='word_1_69' title='bbox 676 1128 816 1197; x_wconf 75' lang='lat' dir='ltr'><strong>ducebat</strong></span> <span class='ocrx_word' id='word_1_70' title='bbox 830 1152 849 1195; x_wconf 85' lang='lat' dir='ltr'><strong>a</strong></span> <span class='ocrx_word' id='word_1_71' title='bbox 862 1128 959 1217; x_wconf 76' lang='lat' dir='ltr'><strong>Cyro,</strong></span> <span class='ocrx_word' id='word_1_72' title='bbox 978 1150 1077 1215; x_wconf 89' lang='lat' dir='ltr'><strong>quon·</strong></span> <span class='ocrx_word' id='word_1_73' title='bbox 1097 1139 1132 1189; x_wconf 78' lang='lat'><strong>23</strong></span> 
     </span>
     <span class='ocr_line' id='line_1_11' title="bbox 57 1216 1078 1305; baseline 0.004 -24"><span class='ocrx_word' id='word_1_74' title='bbox 57 1216 134 1282; x_wconf 85' lang='lat' dir='ltr'><strong>dem</strong></span> <span class='ocrx_word' id='word_1_75' title='bbox 165 1238 242 1305; x_wconf 84' lang='lat' dir='ltr'><strong>rege</strong></span> <span class='ocrx_word' id='word_1_76' title='bbox 274 1218 462 1285; x_wconf 82' lang='lat' dir='ltr'><strong>Persarum:</strong></span> <span class='ocrx_word' id='word_1_77' title='bbox 500 1240 579 1302; x_wconf 86' lang='lat' dir='ltr'><strong>opes</strong></span> <span class='ocrx_word' id='word_1_78' title='bbox 613 1223 647 1284; x_wconf 90' lang='lat' dir='ltr'><strong>et</strong></span> <span class='ocrx_word' id='word_1_79' title='bbox 675 1241 695 1284; x_wconf 90' lang='lat' dir='ltr'><strong>a</strong></span> <span class='ocrx_word' id='word_1_80' title='bbox 723 1218 902 1285; x_wconf 86' lang='lat' dir='ltr'><strong>maioribus</strong></span> <span class='ocrx_word' id='word_1_81' title='bbox 938 1218 1078 1285; x_wconf 85' lang='lat' dir='ltr'><strong>traditas</strong></span> 
     </span>
     <span class='ocr_line' id='line_1_12' title="bbox 55 1304 1078 1395; baseline 0.002 -25"><span class='ocrx_word' id='word_1_82' title='bbox 55 1304 200 1372; x_wconf 72' lang='lat' dir='ltr'><strong>habebut</strong></span> <span class='ocrx_word' id='word_1_83' title='bbox 228 1311 266 1373; x_wconf 85' lang='lat' dir='ltr'><strong>et</strong></span> <span class='ocrx_word' id='word_1_84' title='bbox 295 1307 365 1392; x_wconf 84' lang='lat' dir='ltr'><strong>ipse</strong></span> <span class='ocrx_word' id='word_1_85' title='bbox 396 1308 497 1394; x_wconf 87' lang='lat' dir='ltr'><strong>longa</strong></span> <span class='ocrx_word' id='word_1_86' title='bbox 531 1307 661 1395; x_wconf 84' lang='lat' dir='ltr'><strong>imperii</strong></span> <span class='ocrx_word' id='word_1_87' title='bbox 692 1309 901 1393; x_wconf 78' lang='lat' dir='ltr'><strong>possessione</strong></span> <span class='ocrx_word' id='word_1_88' title='bbox 938 1309 1078 1373; x_wconf 83' lang='lat' dir='ltr'><strong>curnula·</strong></span> 
     </span>
     <span class='ocr_line' id='line_1_13' title="bbox 55 1396 1132 1482; baseline -0.001 -20"><span class='ocrx_word' id='word_1_89' title='bbox 55 1398 159 1463; x_wconf 79' lang='lat' dir='ltr'><strong>reret</strong></span> <span class='ocrx_word' id='word_1_90' title='bbox 203 1396 236 1461; x_wconf 93' lang='lat' dir='ltr'><strong>Is</strong></span> <span class='ocrx_word' id='word_1_91' title='bbox 268 1397 339 1482; x_wconf 86' lang='lat' dir='ltr'><strong>regi</strong></span> <span class='ocrx_word' id='word_1_92' title='bbox 370 1417 445 1460; x_wconf 88' lang='lat' dir='ltr'><strong>eum</strong></span> <span class='ocrx_word' id='word_1_93' title='bbox 477 1396 583 1461; x_wconf 87' lang='lat' dir='ltr'><strong>omnis</strong></span> <span class='ocrx_word' id='word_1_94' title='bbox 615 1398 743 1482; x_wconf 91' lang='lat' dir='ltr'><strong>generis</strong></span> <span class='ocrx_word' id='word_1_95' title='bbox 775 1398 884 1482; x_wconf 85' lang='lat' dir='ltr'><strong>donis,</strong></span> <span class='ocrx_word' id='word_1_96' title='bbox 915 1418 982 1462; x_wconf 87' lang='lat' dir='ltr'><strong>non</strong></span> <span class='ocrx_word' id='word_1_97' title='bbox 1014 1396 1132 1481; x_wconf 75' lang='lat' dir='ltr'><strong>ipsiu</strong></span> 
     </span>
     <span class='ocr_line' id='line_1_14' title="bbox 56 1483 1079 1570; baseline 0 -19"><span class='ocrx_word' id='word_1_98' title='bbox 56 1483 155 1551; x_wconf 90' lang='lat' dir='ltr'><strong>modo</strong></span> <span class='ocrx_word' id='word_1_99' title='bbox 185 1505 238 1570; x_wconf 87' lang='lat' dir='ltr'><strong>ea,</strong></span> <span class='ocrx_word' id='word_1_100' title='bbox 272 1485 331 1550; x_wconf 90' lang='lat' dir='ltr'><strong>sed</strong></span> <span class='ocrx_word' id='word_1_101' title='bbox 362 1485 463 1550; x_wconf 87' lang='lat' dir='ltr'><strong>etiam</strong></span> <span class='ocrx_word' id='word_1_102' title='bbox 495 1485 610 1549; x_wconf 84' lang='lat' dir='ltr'><strong>amieis</strong></span> <span class='ocrx_word' id='word_1_103' title='bbox 642 1486 710 1550; x_wconf 92' lang='lat' dir='ltr'><strong>eius</strong></span> <span class='ocrx_word' id='word_1_104' title='bbox 740 1486 892 1570; x_wconf 85' lang='lat' dir='ltr'><strong>daturus,</strong></span> <span class='ocrx_word' id='word_1_105' title='bbox 929 1487 1079 1551; x_wconf 80' lang='lat' dir='ltr'><strong>occurrit</strong></span> 
     </span>
     <span class='ocr_line' id='line_1_15' title="bbox 55 1573 1079 1661; baseline -0.001 -20"><span class='ocrx_word' id='word_1_106' title='bbox 55 1575 226 1661; x_wconf 77' lang='lat' dir='ltr'>Equorum</span> <span class='ocrx_word' id='word_1_107' title='bbox 244 1573 361 1639; x_wconf 88' lang='lat' dir='ltr'><strong>domiti</strong></span> <span class='ocrx_word' id='word_1_108' title='bbox 378 1594 493 1659; x_wconf 82' lang='lat' dir='ltr'><strong>greges</strong></span> <span class='ocrx_word' id='word_1_109' title='bbox 513 1573 732 1658; x_wconf 72' lang='lat' dir='ltr'><strong>sequebantur</strong></span> <span class='ocrx_word' id='word_1_110' title='bbox 749 1596 926 1658; x_wconf 83' lang='lat' dir='ltr'><strong>currusque</strong></span> <span class='ocrx_word' id='word_1_111' title='bbox 941 1577 1079 1659; x_wconf 86' lang='lat' dir='ltr'><strong>argento</strong></span> 
     </span>
     <span class='ocr_line' id='line_1_16' title="bbox 57 1661 1134 1751; baseline -0.003 -21"><span class='ocrx_word' id='word_1_112' title='bbox 57 1667 91 1730; x_wconf 86' lang='lat' dir='ltr'><strong>et</strong></span> <span class='ocrx_word' id='word_1_113' title='bbox 109 1682 189 1728; x_wconf 89' lang='lat' dir='ltr'><strong>auro</strong></span> <span class='ocrx_word' id='word_1_114' title='bbox 208 1663 372 1748; x_wconf 87' lang='lat' dir='ltr'><strong>adornati,</strong></span> <span class='ocrx_word' id='word_1_115' title='bbox 394 1661 540 1747; x_wconf 88' lang='lat' dir='ltr'><strong>pretiosa</strong></span> <span class='ocrx_word' id='word_1_116' title='bbox 557 1663 704 1751; x_wconf 85' lang='lat' dir='ltr'><strong>supellex</strong></span> <span class='ocrx_word' id='word_1_117' title='bbox 723 1668 757 1730; x_wconf 90' lang='lat' dir='ltr'><strong>et</strong></span> <span class='ocrx_word' id='word_1_118' title='bbox 772 1663 902 1729; x_wconf 85' lang='lat' dir='ltr'><strong>nobiles</strong></span> <span class='ocrx_word' id='word_1_119' title='bbox 920 1683 1080 1748; x_wconf 85' lang='lat' dir='ltr'><strong>gemmae,</strong></span> <span class='ocrx_word' id='word_1_120' title='bbox 1131 1707 1134 1711; x_wconf 74' lang='lat'><strong>,</strong></span> 
     </span>
     <span class='ocr_line' id='line_1_17' title="bbox 56 1751 1079 1839; baseline -0.003 -21"><span class='ocrx_word' id='word_1_121' title='bbox 56 1773 158 1818; x_wconf 84' lang='lat' dir='ltr'><strong>aurea</strong></span> <span class='ocrx_word' id='word_1_122' title='bbox 174 1751 287 1837; x_wconf 87' lang='lat' dir='ltr'><strong>magni</strong></span> <span class='ocrx_word' id='word_1_123' title='bbox 306 1751 459 1836; x_wconf 87' lang='lat' dir='ltr'><strong>ponderis</strong></span> <span class='ocrx_word' id='word_1_124' title='bbox 481 1773 562 1819; x_wconf 82' lang='lat' dir='ltr'><strong>vasa</strong></span> <span class='ocrx_word' id='word_1_125' title='bbox 584 1756 757 1836; x_wconf 85' lang='lat' dir='ltr'><strong>vestesque</strong></span> <span class='ocrx_word' id='word_1_126' title='bbox 779 1772 961 1839; x_wconf 87' lang='lat' dir='ltr'><strong>purpureae</strong></span> <span class='ocrx_word' id='word_1_127' title='bbox 980 1754 1014 1816; x_wconf 91' lang='lat' dir='ltr'><strong>et</strong></span> <span class='ocrx_word' id='word_1_128' title='bbox 1036 1751 1079 1816; x_wconf 82' lang='lat' dir='ltr'><strong>si·</strong></span> 
     </span>
     <span class='ocr_line' id='line_1_18' title="bbox 56 1839 1134 1927; baseline -0.008 -20"><span class='ocrx_word' id='word_1_129' title='bbox 56 1841 150 1927; x_wconf 86' lang='lat' dir='ltr'><strong>gnati</strong></span> <span class='ocrx_word' id='word_1_130' title='bbox 174 1841 304 1926; x_wconf 81' lang='lat' dir='ltr'><strong>argenti</strong></span> <span class='ocrx_word' id='word_1_131' title='bbox 326 1841 487 1906; x_wconf 83' lang='lat' dir='ltr'><strong>talentum</strong></span> <span class='ocrx_word' id='word_1_132' title='bbox 505 1858 545 1905; x_wconf 92' lang='lat'><strong>111</strong></span> <span class='ocrx_word' id='word_1_133' title='bbox 562 1840 665 1906; x_wconf 89' lang='lat' dir='ltr'><strong>milia.</strong></span> <span class='ocrx_word' id='word_1_134' title='bbox 702 1839 855 1906; x_wconf 75' lang='lat' dir='ltr'><strong>Ceterum</strong></span> <span class='ocrx_word' id='word_1_135' title='bbox 874 1843 970 1906; x_wconf 88' lang='lat' dir='ltr'><strong>tanta</strong></span> <span class='ocrx_word' id='word_1_136' title='bbox 987 1839 1078 1905; x_wconf 91' lang='lat' dir='ltr'><strong>beni·</strong></span> <span class='ocrx_word' id='word_1_137' title='bbox 1095 1847 1134 1899; x_wconf 72' lang='lat' dir='ltr'><strong>at</strong></span> 
     </span>
     <span class='ocr_line' id='line_1_19' title="bbox 56 1928 1078 2016; baseline -0.001 -20"><span class='ocrx_word' id='word_1_138' title='bbox 56 1930 166 2016; x_wconf 85' lang='lat' dir='ltr'><strong>gnitas</strong></span> <span class='ocrx_word' id='word_1_139' title='bbox 194 1929 336 1995; x_wconf 82' lang='lat' dir='ltr'><strong>barbaro</strong></span> <span class='ocrx_word' id='word_1_140' title='bbox 363 1950 463 1994; x_wconf 84' lang='lat' dir='ltr'><strong>eausa</strong></span> <span class='ocrx_word' id='word_1_141' title='bbox 490 1929 606 1994; x_wconf 84' lang='lat' dir='ltr'><strong>mortis</strong></span> <span class='ocrx_word' id='word_1_142' title='bbox 633 1929 706 1996; x_wconf 83' lang='lat' dir='ltr'><strong>fuit.</strong></span> <span class='ocrx_word' id='word_1_143' title='bbox 751 1928 839 1996; x_wconf 87' lang='lat' dir='ltr'><strong>Nam</strong></span> <span class='ocrx_word' id='word_1_144' title='bbox 866 1950 939 1994; x_wconf 86' lang='lat' dir='ltr'><strong>eum</strong></span> <span class='ocrx_word' id='word_1_145' title='bbox 965 1949 1078 1995; x_wconf 87' lang='lat' dir='ltr'><strong>omnes</strong></span> 
     </span>
     <span class='ocr_line' id='line_1_20' title="bbox 56 2017 1078 2104; baseline 0 -21"><span class='ocrx_word' id='word_1_146' title='bbox 56 2018 178 2084; x_wconf 86' lang='lat' dir='ltr'><strong>amieos</strong></span> <span class='ocrx_word' id='word_1_147' title='bbox 193 2018 280 2104; x_wconf 88' lang='lat' dir='ltr'><strong>regis</strong></span> <span class='ocrx_word' id='word_1_148' title='bbox 294 2017 389 2083; x_wconf 90' lang='lat' dir='ltr'><strong>donis</strong></span> <span class='ocrx_word' id='word_1_149' title='bbox 403 2038 419 2082; x_wconf 94' lang='lat' dir='ltr'><strong>s</strong></span> <span class='ocrx_word' id='word_1_150' title='bbox 466 2038 501 2081; x_wconf 88' lang='lat' dir='ltr'><strong>er</strong></span> <span class='ocrx_word' id='word_1_151' title='bbox 513 2017 658 2102; x_wconf 87' lang='lat' dir='ltr'><strong>ipsorum</strong></span> <span class='ocrx_word' id='word_1_152' title='bbox 672 2022 750 2084; x_wconf 85' lang='lat' dir='ltr'><strong>vota</strong></span> <span class='ocrx_word' id='word_1_153' title='bbox 764 2018 927 2102; x_wconf 83' lang='lat' dir='ltr'><strong>coluisset,</strong></span> <span class='ocrx_word' id='word_1_154' title='bbox 946 2017 1078 2103; x_wconf 88' lang='lat' dir='ltr'><strong>Bagoae</strong></span> 
     </span>
     <span class='ocr_line' id='line_1_21' title="bbox 56 2106 1079 2195; baseline 0 -23"><span class='ocrx_word' id='word_1_155' title='bbox 56 2106 203 2195; x_wconf 82' lang='lat' dir='ltr'><strong>spadoni,</strong></span> <span class='ocrx_word' id='word_1_156' title='bbox 226 2107 282 2191; x_wconf 93' lang='lat' dir='ltr'><strong>qui</strong></span> <span class='ocrx_word' id='word_1_157' title='bbox 300 2106 429 2172; x_wconf 77' lang='lat' dir='ltr'><strong>Alexan</strong></span> <span class='ocrx_word' id='word_1_158' title='bbox 451 2128 524 2172; x_wconf 91' lang='lat' dir='ltr'><strong>rum</strong></span> <span class='ocrx_word' id='word_1_159' title='bbox 546 2106 704 2192; x_wconf 90' lang='lat' dir='ltr'><strong>obsequio</strong></span> <span class='ocrx_word' id='word_1_160' title='bbox 725 2107 870 2191; x_wconf 88' lang='lat' dir='ltr'><strong>eorporis</strong></span> <span class='ocrx_word' id='word_1_161' title='bbox 889 2106 1079 2172; x_wconf 84' lang='lat' dir='ltr'><strong>devinxerat</strong></span> 
     </span>
    </p>

    <p class='ocr_par' dir='ltr' id='par_1_4' title="bbox 21 2194 1132 3524">
     <span class='ocr_line' id='line_1_22' title="bbox 21 2194 1132 2283; baseline 0.002 -23"><span class='ocrx_word' id='word_1_162' title='bbox 21 2218 24 2223; x_wconf 92' lang='lat'><em>·</em></span> <span class='ocrx_word' id='word_1_163' title='bbox 57 2197 130 2282; x_wconf 86' lang='lat' dir='ltr'><strong>sibi,</strong></span> <span class='ocrx_word' id='word_1_164' title='bbox 151 2195 281 2260; x_wconf 87' lang='lat' dir='ltr'><strong>nullum</strong></span> <span class='ocrx_word' id='word_1_165' title='bbox 303 2195 461 2260; x_wconf 85' lang='lat' dir='ltr'><strong>honorem</strong></span> <span class='ocrx_word' id='word_1_166' title='bbox 483 2194 613 2260; x_wconf 84' lang='lat' dir='ltr'><strong>habuit:</strong></span> <span class='ocrx_word' id='word_1_167' title='bbox 639 2195 889 2280; x_wconf 84' lang='lat' dir='ltr'><strong>admonitusque</strong></span> <span class='ocrx_word' id='word_1_168' title='bbox 908 2218 928 2260; x_wconf 89' lang='lat' dir='ltr'><strong>a</strong></span> <span class='ocrx_word' id='word_1_169' title='bbox 946 2195 1078 2283; x_wconf 84' lang='lat' dir='ltr'><strong>quibus·</strong></span> <span class='ocrx_word' id='word_1_170' title='bbox 1097 2203 1132 2256; x_wconf 78' lang='lat'><strong>26</strong></span> 
     </span>
     <span class='ocr_line' id='line_1_23' title="bbox 56 2278 1078 2371; baseline -0.001 -21"><span class='ocrx_word' id='word_1_171' title='bbox 56 2285 142 2371; x_wconf 85' lang='lat' dir='ltr'><strong>dam,</strong></span> <span class='ocrx_word' id='word_1_172' title='bbox 159 2278 317 2371; x_wconf 79' lang='lat' dir='ltr'><strong>perquam</strong></span> <span class='ocrx_word' id='word_1_173' title='bbox 335 2281 525 2348; x_wconf 78' lang='lat' dir='ltr'><strong>Alexandro</strong></span> <span class='ocrx_word' id='word_1_174' title='bbox 544 2284 634 2349; x_wconf 86' lang='lat' dir='ltr'><strong>eordi</strong></span> <span class='ocrx_word' id='word_1_175' title='bbox 654 2306 734 2369; x_wconf 88' lang='lat' dir='ltr'><strong>esse,</strong></span> <span class='ocrx_word' id='word_1_176' title='bbox 751 2283 930 2369; x_wconf 83' lang='lat' dir='ltr'><strong>respondit,</strong></span> <span class='ocrx_word' id='word_1_177' title='bbox 954 2285 1078 2350; x_wconf 85' lang='lat' dir='ltr'><strong>amieos</strong></span> 
     </span>
     <span class='ocr_line' id='line_1_24' title="bbox 55 2370 1078 2459; baseline 0 -22"><span class='ocrx_word' id='word_1_178' title='bbox 55 2374 158 2459; x_wconf 88' lang='lat' dir='ltr'><strong>regis,</strong></span> <span class='ocrx_word' id='word_1_179' title='bbox 191 2393 259 2437; x_wconf 91' lang='lat' dir='ltr'><strong>non</strong></span> <span class='ocrx_word' id='word_1_180' title='bbox 290 2375 400 2436; x_wconf 83' lang='lat' dir='ltr'><strong>scorta</strong></span> <span class='ocrx_word' id='word_1_181' title='bbox 431 2392 466 2436; x_wconf 90' lang='lat' dir='ltr'><strong>se</strong></span> <span class='ocrx_word' id='word_1_182' title='bbox 499 2370 603 2436; x_wconf 83' lang='lat' dir='ltr'><strong>colere</strong></span> <span class='ocrx_word' id='word_1_183' title='bbox 634 2393 694 2438; x_wconf 86' lang='lat' dir='ltr'><strong>nee</strong></span> <span class='ocrx_word' id='word_1_184' title='bbox 726 2374 827 2438; x_wconf 88' lang='lat' dir='ltr'><strong>moris</strong></span> <span class='ocrx_word' id='word_1_185' title='bbox 859 2393 931 2437; x_wconf 89' lang='lat' dir='ltr'><strong>esse</strong></span> <span class='ocrx_word' id='word_1_186' title='bbox 959 2370 1078 2458; x_wconf 88' lang='lat' dir='ltr'><strong>Persis,</strong></span> 
     </span>
     <span class='ocr_line' id='line_1_25' title="bbox 55 2458 1130 2544; baseline -0.007 -17"><span class='ocrx_word' id='word_1_187' title='bbox 55 2483 163 2527; x_wconf 89' lang='lat' dir='ltr'><strong>mares</strong></span> <span class='ocrx_word' id='word_1_188' title='bbox 190 2461 316 2543; x_wconf 86' lang='lat' dir='ltr'><strong>ducere,</strong></span> <span class='ocrx_word' id='word_1_189' title='bbox 344 2459 400 2544; x_wconf 91' lang='lat' dir='ltr'><strong>qui</strong></span> <span class='ocrx_word' id='word_1_190' title='bbox 428 2463 542 2542; x_wconf 87' lang='lat' dir='ltr'><strong>stupro</strong></span> <span class='ocrx_word' id='word_1_191' title='bbox 565 2459 836 2528; x_wconf 87' lang='lat' dir='ltr'><strong>effeminarentur.</strong></span> <span class='ocrx_word' id='word_1_192' title='bbox 873 2458 934 2524; x_wconf 89' lang='lat' dir='ltr'><strong>His</strong></span> <span class='ocrx_word' id='word_1_193' title='bbox 957 2460 1078 2524; x_wconf 90' lang='lat' dir='ltr'><strong>auditis</strong></span> <span class='ocrx_word' id='word_1_194' title='bbox 1096 2470 1130 2519; x_wconf 69' lang='lat' dir='ltr'><strong>‘ru</strong></span> 
     </span>
     <span class='ocr_line' id='line_1_26' title="bbox 56 2547 1079 2635; baseline -0.005 -19"><span class='ocrx_word' id='word_1_195' title='bbox 56 2551 158 2635; x_wconf 91' lang='lat' dir='ltr'><strong>spado</strong></span> <span class='ocrx_word' id='word_1_196' title='bbox 176 2548 358 2634; x_wconf 87' lang='lat' dir='ltr'><strong>potentiam</strong></span> <span class='ocrx_word' id='word_1_197' title='bbox 376 2547 503 2632; x_wconf 83' lang='lat' dir='ltr'><strong>flagitio</strong></span> <span class='ocrx_word' id='word_1_198' title='bbox 519 2550 553 2612; x_wconf 89' lang='lat' dir='ltr'><strong>et</strong></span> <span class='ocrx_word' id='word_1_199' title='bbox 566 2547 720 2614; x_wconf 87' lang='lat' dir='ltr'><strong>dedeoore</strong></span> <span class='ocrx_word' id='word_1_200' title='bbox 735 2550 917 2633; x_wconf 86' lang='lat' dir='ltr'><strong>quaesitam</strong></span> <span class='ocrx_word' id='word_1_201' title='bbox 931 2548 966 2612; x_wconf 90' lang='lat' dir='ltr'><strong>in</strong></span> <span class='ocrx_word' id='word_1_202' title='bbox 980 2551 1079 2631; x_wconf 85' lang='lat' dir='ltr'><strong>caput</strong></span> 
     </span>
     <span class='ocr_line' id='line_1_27' title="bbox 55 2635 1078 2723; baseline -0.006 -18"><span class='ocrx_word' id='word_1_203' title='bbox 55 2637 254 2705; x_wconf 88' lang='lat' dir='ltr'><strong>nobilissimi</strong></span> <span class='ocrx_word' id='word_1_204' title='bbox 275 2640 311 2702; x_wconf 89' lang='lat' dir='ltr'><strong>et</strong></span> <span class='ocrx_word' id='word_1_205' title='bbox 332 2635 471 2702; x_wconf 91' lang='lat' dir='ltr'><strong>insontis</strong></span> <span class='ocrx_word' id='word_1_206' title='bbox 496 2635 647 2701; x_wconf 76' lang='lat' dir='ltr'><strong>exercuit.</strong></span> <span class='ocrx_word' id='word_1_207' title='bbox 690 2635 840 2723; x_wconf 89' lang='lat' dir='ltr'><strong>Namque</strong></span> <span class='ocrx_word' id='word_1_208' title='bbox 863 2635 971 2722; x_wconf 89' lang='lat' dir='ltr'><strong>gentis</strong></span> <span class='ocrx_word' id='word_1_209' title='bbox 994 2636 1078 2700; x_wconf 93' lang='lat' dir='ltr'><strong>eius-</strong></span> 
     </span>
     <span class='ocr_line' id='line_1_28' title="bbox 56 2723 1077 2808; baseline -0.004 -15"><span class='ocrx_word' id='word_1_210' title='bbox 56 2727 132 2794; x_wconf 88' lang='lat' dir='ltr'><strong>dem</strong></span> <span class='ocrx_word' id='word_1_211' title='bbox 162 2726 345 2793; x_wconf 77' lang='lat' dir='ltr'><strong>levissimos</strong></span> <span class='ocrx_word' id='word_1_212' title='bbox 377 2723 472 2790; x_wconf 85' lang='lat' dir='ltr'><strong>falsis</strong></span> <span class='ocrx_word' id='word_1_213' title='bbox 507 2725 694 2791; x_wconf 83' lang='lat' dir='ltr'><strong>criminibus</strong></span> <span class='ocrx_word' id='word_1_214' title='bbox 728 2725 893 2791; x_wconf 85' lang='lat' dir='ltr'><strong>adstruxit</strong></span> <span class='ocrx_word' id='word_1_215' title='bbox 924 2723 1077 2808; x_wconf 87' lang='lat' dir='ltr'><strong>monitos,</strong></span> 
     </span>
     <span class='ocr_line' id='line_1_29' title="bbox 55 2812 1130 2900; baseline -0.01 -18"><span class='ocrx_word' id='word_1_216' title='bbox 55 2819 128 2882; x_wconf 89' lang='lat' dir='ltr'><strong>tum</strong></span> <span class='ocrx_word' id='word_1_217' title='bbox 156 2816 287 2881; x_wconf 90' lang='lat' dir='ltr'><strong>demum</strong></span> <span class='ocrx_word' id='word_1_218' title='bbox 310 2836 348 2880; x_wconf 91' lang='lat' dir='ltr'><strong>ea</strong></span> <span class='ocrx_word' id='word_1_219' title='bbox 376 2813 514 2900; x_wconf 85' lang='lat' dir='ltr'><strong>deferre,</strong></span> <span class='ocrx_word' id='word_1_220' title='bbox 541 2835 614 2880; x_wconf 87' lang='lat' dir='ltr'><strong>eum</strong></span> <span class='ocrx_word' id='word_1_221' title='bbox 641 2814 712 2900; x_wconf 88' lang='lat' dir='ltr'><strong>ipse</strong></span> <span class='ocrx_word' id='word_1_222' title='bbox 738 2815 896 2880; x_wconf 87' lang='lat' dir='ltr'><strong>iussisset.</strong></span> <span class='ocrx_word' id='word_1_223' title='bbox 940 2812 1078 2877; x_wconf 84' lang='lat' dir='ltr'><strong>Interim</strong></span> <span class='ocrx_word' id='word_1_224' title='bbox 1096 2820 1130 2871; x_wconf 76' lang='lat'><strong>28</strong></span> 
     </span>
     <span class='ocr_line' id='line_1_30' title="bbox 56 2901 1078 2990; baseline -0.005 -19"><span class='ocrx_word' id='word_1_225' title='bbox 56 2905 208 2990; x_wconf 88' lang='lat' dir='ltr'><strong>quotiens</strong></span> <span class='ocrx_word' id='word_1_226' title='bbox 232 2904 302 2969; x_wconf 89' lang='lat' dir='ltr'><strong>sine</strong></span> <span class='ocrx_word' id='word_1_227' title='bbox 326 2902 459 2968; x_wconf 87' lang='lat' dir='ltr'><strong>arbitris</strong></span> <span class='ocrx_word' id='word_1_228' title='bbox 482 2906 561 2988; x_wconf 88' lang='lat' dir='ltr'><strong>erat,</strong></span> <span class='ocrx_word' id='word_1_229' title='bbox 584 2904 729 2969; x_wconf 82' lang='lat' dir='ltr'><strong>credulas</strong></span> <span class='ocrx_word' id='word_1_230' title='bbox 753 2904 840 2989; x_wconf 85' lang='lat' dir='ltr'><strong>regis</strong></span> <span class='ocrx_word' id='word_1_231' title='bbox 863 2922 957 2968; x_wconf 86' lang='lat' dir='ltr'><strong>eures</strong></span> <span class='ocrx_word' id='word_1_232' title='bbox 977 2901 1078 2985; x_wconf 89' lang='lat' dir='ltr'><strong>inple·</strong></span> 
     </span>
     <span class='ocr_line' id='line_1_31' title="bbox 55 2989 1077 3080; baseline -0.004 -20"><span class='ocrx_word' id='word_1_233' title='bbox 55 2993 115 3060; x_wconf 88' lang='lat' dir='ltr'><strong>bat</strong></span> <span class='ocrx_word' id='word_1_234' title='bbox 132 2992 343 3059; x_wconf 88' lang='lat' dir='ltr'><strong>dissimulans</strong></span> <span class='ocrx_word' id='word_1_235' title='bbox 366 3013 500 3058; x_wconf 86' lang='lat' dir='ltr'><strong>eausam</strong></span> <span class='ocrx_word' id='word_1_236' title='bbox 521 2993 603 3079; x_wconf 86' lang='lat' dir='ltr'><strong>irae,</strong></span> <span class='ocrx_word' id='word_1_237' title='bbox 627 3016 690 3077; x_wconf 91' lang='lat' dir='ltr'><strong>quo</strong></span> <span class='ocrx_word' id='word_1_238' title='bbox 715 2992 848 3080; x_wconf 78' lang='lat' dir='ltr'><strong>gravior</strong></span> <span class='ocrx_word' id='word_1_239' title='bbox 870 2989 1077 3058; x_wconf 89' lang='lat' dir='ltr'><strong>oriminantis</strong></span> 
     </span>
     <span class='ocr_line' id='line_1_32' title="bbox 56 3079 1131 3166; baseline -0.008 -17"><span class='ocrx_word' id='word_1_240' title='bbox 56 3084 234 3150; x_wconf 83' lang='lat' dir='ltr'><strong>auctoritas</strong></span> <span class='ocrx_word' id='word_1_241' title='bbox 257 3084 352 3147; x_wconf 87' lang='lat' dir='ltr'><strong>esset.</strong></span> <span class='ocrx_word' id='word_1_242' title='bbox 390 3079 544 3147; x_wconf 89' lang='lat' dir='ltr'><strong>Nondum</strong></span> <span class='ocrx_word' id='word_1_243' title='bbox 563 3086 733 3166; x_wconf 87' lang='lat' dir='ltr'><strong>suspectus</strong></span> <span class='ocrx_word' id='word_1_244' title='bbox 753 3085 824 3148; x_wconf 89' lang='lat' dir='ltr'><strong>erat</strong></span> <span class='ocrx_word' id='word_1_245' title='bbox 842 3080 988 3166; x_wconf 82' lang='lat' dir='ltr'><strong>Orsines,</strong></span> <span class='ocrx_word' id='word_1_246' title='bbox 1011 3079 1078 3143; x_wconf 85' lang='lat' dir='ltr'><strong>iam</strong></span> <span class='ocrx_word' id='word_1_247' title='bbox 1096 3089 1131 3140; x_wconf 78' lang='lat'><strong>29</strong></span> 
     </span>
     <span class='ocr_line' id='line_1_33' title="bbox 56 3168 1077 3258; baseline -0.005 -20"><span class='ocrx_word' id='word_1_248' title='bbox 56 3177 168 3238; x_wconf 88' lang='lat' dir='ltr'><strong>tamen</strong></span> <span class='ocrx_word' id='word_1_249' title='bbox 184 3170 291 3237; x_wconf 81' lang='lat' dir='ltr'><strong>vilior.</strong></span> <span class='ocrx_word' id='word_1_250' title='bbox 327 3169 415 3235; x_wconf 86' lang='lat' dir='ltr'><strong>Reus</strong></span> <span class='ocrx_word' id='word_1_251' title='bbox 435 3169 522 3235; x_wconf 88' lang='lat' dir='ltr'><strong>enim</strong></span> <span class='ocrx_word' id='word_1_252' title='bbox 544 3169 579 3235; x_wconf 91' lang='lat' dir='ltr'><strong>in</strong></span> <span class='ocrx_word' id='word_1_253' title='bbox 603 3175 727 3236; x_wconf 83' lang='lat' dir='ltr'><strong>secreto</strong></span> <span class='ocrx_word' id='word_1_254' title='bbox 747 3173 920 3258; x_wconf 82' lang='lat' dir='ltr'><strong>agebatur,</strong></span> <span class='ocrx_word' id='word_1_255' title='bbox 942 3168 1077 3234; x_wconf 86' lang='lat' dir='ltr'><strong>latentis</strong></span> 
     </span>
     <span class='ocr_line' id='line_1_34' title="bbox 53 3257 1078 3346; baseline -0.005 -20"><span class='ocrx_word' id='word_1_256' title='bbox 53 3260 192 3346; x_wconf 83' lang='lat' dir='ltr'><strong>periculi</strong></span> <span class='ocrx_word' id='word_1_257' title='bbox 224 3260 373 3345; x_wconf 82' lang='lat' dir='ltr'><strong>ignarus,</strong></span> <span class='ocrx_word' id='word_1_258' title='bbox 405 3262 440 3323; x_wconf 86' lang='lat' dir='ltr'><strong>et</strong></span> <span class='ocrx_word' id='word_1_259' title='bbox 465 3258 773 3342; x_wconf 89' lang='lat' dir='ltr'><strong>inportunissimum</strong></span> <span class='ocrx_word' id='word_1_260' title='bbox 800 3263 947 3327; x_wconf 82' lang='lat' dir='ltr'><strong>scortum</strong></span> <span class='ocrx_word' id='word_1_261' title='bbox 974 3280 1015 3323; x_wconf 93' lang='lat' dir='ltr'><strong>ne</strong></span> <span class='ocrx_word' id='word_1_262' title='bbox 1043 3257 1078 3321; x_wconf 92' lang='lat' dir='ltr'><strong>in</strong></span> 
     </span>
     <span class='ocr_line' id='line_1_35' title="bbox 56 3345 1078 3435; baseline -0.007 -19"><span class='ocrx_word' id='word_1_263' title='bbox 56 3354 170 3434; x_wconf 88' lang='lat' dir='ltr'><strong>stupro</strong></span> <span class='ocrx_word' id='word_1_264' title='bbox 196 3347 328 3435; x_wconf 88' lang='lat' dir='ltr'><strong>quidem</strong></span> <span class='ocrx_word' id='word_1_265' title='bbox 352 3349 385 3412; x_wconf 87' lang='lat' dir='ltr'><strong>et</strong></span> <span class='ocrx_word' id='word_1_266' title='bbox 408 3345 573 3414; x_wconf 81' lang='lat' dir='ltr'><strong>dedecoris</strong></span> <span class='ocrx_word' id='word_1_267' title='bbox 596 3348 758 3433; x_wconf 81' lang='lat' dir='ltr'><strong>patientia</strong></span> <span class='ocrx_word' id='word_1_268' title='bbox 780 3348 905 3415; x_wconf 86' lang='lat' dir='ltr'><strong>fraudis</strong></span> <span class='ocrx_word' id='word_1_269' title='bbox 930 3346 1078 3431; x_wconf 89' lang='lat' dir='ltr'><strong>oblitum,</strong></span> 
     </span>
     <span class='ocr_line' id='line_1_36' title="bbox 55 3433 1077 3524; baseline -0.007 -19"><span class='ocrx_word' id='word_1_270' title='bbox 55 3439 207 3524; x_wconf 90' lang='lat' dir='ltr'><strong>quotiens</strong></span> <span class='ocrx_word' id='word_1_271' title='bbox 227 3457 371 3505; x_wconf 89' lang='lat' dir='ltr'><strong>amorem</strong></span> <span class='ocrx_word' id='word_1_272' title='bbox 388 3437 477 3520; x_wconf 82' lang='lat' dir='ltr'><strong>regis</strong></span> <span class='ocrx_word' id='word_1_273' title='bbox 494 3437 529 3501; x_wconf 89' lang='lat' dir='ltr'><strong>in</strong></span> <span class='ocrx_word' id='word_1_274' title='bbox 549 3459 583 3502; x_wconf 92' lang='lat' dir='ltr'><strong>se</strong></span> <span class='ocrx_word' id='word_1_275' title='bbox 604 3437 803 3519; x_wconf 80' lang='lat' dir='ltr'><strong>ascenderat,</strong></span> <span class='ocrx_word' id='word_1_276' title='bbox 822 3436 963 3505; x_wconf 88' lang='lat' dir='ltr'><strong>Orsinen</strong></span> <span class='ocrx_word' id='word_1_277' title='bbox 981 3433 1077 3500; x_wconf 86' lang='lat' dir='ltr'><strong>modo</strong></span> 
     </span>
    </p>

    <p class='ocr_par' dir='ltr' id='par_1_5' title="bbox 23 3522 1108 3612">
     <span class='ocr_line' id='line_1_37' title="bbox 23 3522 1108 3612; baseline -0.018 -16"><span class='ocrx_word' id='word_1_278' title='bbox 23 3527 227 3612; x_wconf 72' lang='lat' dir='ltr'><strong>tavaritise,</strong></span> <span class='ocrx_word' id='word_1_279' title='bbox 255 3525 418 3591; x_wconf 88' lang='lat' dir='ltr'><strong>interdum</strong></span> <span class='ocrx_word' id='word_1_280' title='bbox 445 3523 546 3590; x_wconf 84' lang='lat' dir='ltr'><strong>etiem</strong></span> <span class='ocrx_word' id='word_1_281' title='bbox 574 3525 771 3592; x_wconf 84' lang='lat' dir='ltr'><strong>deieotiuuis</strong></span> <span class='ocrx_word' id='word_1_282' title='bbox 796 3525 978 3612; x_wconf 60' lang='lat' dir='ltr'><strong>arguebat.</strong></span> <span class='ocrx_word' id='word_1_283' title='bbox 1007 3522 1108 3579; x_wconf 59' lang='lat' dir='ltr'><strong>xm*</strong></span> 
     </span>
    </p>
   </div>
   <div class='ocr_carea' id='block_1_3' title="bbox 51 3597 1116 3762">
    <p class='ocr_par' dir='ltr' id='par_1_6' title="bbox 51 3597 1116 3762">
     <span class='ocr_line' id='line_1_38' title="bbox 51 3597 1116 3734; baseline -0.022 -52"><span class='ocrx_word' id='word_1_284' title='bbox 51 3619 181 3682; x_wconf 77' lang='lat' dir='ltr'><strong>malum</strong></span> <span class='ocrx_word' id='word_1_285' title='bbox 217 3617 312 3681; x_wconf 75' lang='lat' dir='ltr'><strong>orant</strong></span> <span class='ocrx_word' id='word_1_286' title='bbox 342 3615 378 3681; x_wconf 85' lang='lat' dir='ltr'><strong>in</strong></span> <span class='ocrx_word' id='word_1_287' title='bbox 410 3616 598 3704; x_wconf 80' lang='lat' dir='ltr'><strong>perniciem</strong></span> <span class='ocrx_word' id='word_1_288' title='bbox 634 3615 836 3685; x_wconf 58' lang='lat' dir='ltr'><strong>innoc-,entus</strong></span> <span class='ocrx_word' id='word_1_289' title='bbox 869 3602 1061 3734; x_wconf 41' lang='lat' dir='ltr'><strong>manzanum</strong></span> <span class='ocrx_word' id='word_1_290' title='bbox 1088 3597 1116 3651; x_wconf 51' lang='lat' dir='ltr'><strong>sl</strong></span> 
     </span>
     <span class='ocr_line' id='line_1_39' title="bbox 911 3710 954 3762; baseline -0.116 1"><span class='ocrx_word' id='word_1_291' title='bbox 911 3710 954 3762; x_wconf 62' lang='grc' dir='ltr'>Ἦ</span> 
     </span>
    </p>
   </div>
   <div class='ocr_carea' id='block_1_4' title="bbox 0 0 1190 3834">
    <p class='ocr_par' dir='ltr' id='par_1_7' title="bbox 0 0 1190 3834">
     <span class='ocr_line' id='line_1_40' title="bbox 0 0 1190 3834; baseline 0 0"><span class='ocrx_word' id='word_1_292' title='bbox 0 0 1190 3834; x_wconf 95' lang='lat' dir='ltr'><strong> </strong></span> 
     </span>
    </p>
   </div>
  </div>
 </body>
</html>
