2356 3846
256 141 511 198 HISTORIARUM
529 139 744 196 ALEXANDRI
761 141 825 209 VII,
845 147 868 196 3.
1006 141 1068 204 lat

484 336 563 403 One.
586 336 645 404 III.

10 466 44 530 ll
147 461 209 527 His
245 461 294 528 ita
327 461 504 547 conpositis
535 461 719 526 Alexander
750 462 884 528 Arsame
918 464 1104 528 Arioruml

57 554 190 636 satrape
209 551 386 616 constituto
404 550 467 614 iter
485 550 691 633 pronuntiari
709 549 800 614 iubet
817 551 849 615 in
869 550 1071 635 Arimaspos,

58 661 140 724 quos
164 639 230 702 iam
253 642 331 704 tunc
353 642 480 703 mutato
503 639 633 703 nominc
651 638 831 723 Euergetas
853 641 1070 723 appellabant,

58 749 98 792 ex
122 749 185 811 quo
208 726 330 811 frigore
360 727 526 810 victusque
548 727 684 810 penuria
706 724 785 809 Cyri
816 729 990 792 exercitum
1018 729 1071 792 ad·

57 815 181 881 fectum
204 815 302 881 tectis
325 819 358 879 et
381 815 613 880 commeatibus
636 816 792 879 iuverant.
838 813 976 891 Quintus
1003 816 1070 880 dies
1089 827 1106 876 a

59 907 140 986 erat,
162 907 199 970 ut
221 903 255 967 in
278 924 350 969 eam
368 903 532 988 regionem
551 908 752 986 pervenerat.
791 902 969 988 Cognoscit
988 903 1070 968 Sati·

58 992 250 1076 barzanem,
283 991 339 1076 qui
370 992 412 1057 ad
444 990 580 1056 Bessum
612 991 787 1070 defecerat,
819 999 892 1057 cu'm
925 997 1071 1076 equitum

60 1103 158 1145 manu
186 1079 345 1163 inrupisse
373 1100 483 1144 rursus
511 1081 545 1145 in
572 1080 678 1145 Arios.
723 1079 836 1164 ltaque
860 1077 1022 1146 Caranum
1044 1086 1074 1145 et

59 1168 232 1253 Erigyium
260 1190 332 1233 cum
360 1166 523 1233 Artabazo
551 1173 585 1234 ct
612 1169 796 1233 Andronico
825 1172 858 1233 et
880 1187 916 1234 vr
940 1169 1071 1233 milibus

60 1256 258 1321 Graecorum
280 1256 424 1339 peditum
451 1277 484 1320 eo
510 1257 609 1339 misit,
636 1277 711 1339 quos
733 1273 780 1321 Dc
808 1257 932 1340 equites
961 1279 1073 1341 seque-

60 1346 189 1410 bantur.
224 1343 300 1427 Ipse
317 1362 365 1408 Lx
384 1344 495 1408 diebus
513 1348 643 1429 gentem
657 1346 892 1430 Euergetarum
911 1345 1073 1410 ordinavit
1092 1357 1108 1406 e

10 1436 12 1438 ’
60 1452 183 1516 magna
208 1433 345 1515 pecunia
372 1433 414 1496 ob
443 1434 607 1516 egregiam
629 1434 664 1497 in
682 1432 802 1515 Cyrum
825 1434 921 1498 fidem
944 1435 1072 1499 donata.

150 1519 276 1585 Relicto
308 1520 437 1604 deinde,
469 1521 524 1603 qui
557 1521 599 1585 iis
630 1525 810 1605 praeesset,
844 1522 1001 1587 Amedine
1033 1535 1109 1582 -4

61 1609 168 1673 scriba
195 1609 224 1673 is
251 1606 353 1672 Darei
379 1608 486 1673 fuerat
510 1644 552 1655 -
576 1609 785 1693 Arachosios,
818 1631 953 1692 quorum
981 1611 1073 1693 regio

62 1697 101 1761 ad
130 1694 300 1761 Ponticum
333 1717 420 1761 mare
450 1697 606 1781 pertinet,
639 1698 776 1780 subegit.
825 1695 877 1760 Ibi
906 1700 1075 1781 exercitus,

64 1785 120 1869 qui
138 1785 200 1849 sub
219 1783 433 1849 Parmenione
451 1785 565 1868 fuerat,
589 1785 737 1850 occurrit.
782 1783 844 1849 Sex
862 1785 952 1849 milia
970 1785 1074 1850 Mace-

63 1874 185 1937 donum
209 1877 302 1937 orant
325 1877 358 1937 et
376 1889 418 1938 cc
436 1873 562 1938 nobiles
585 1877 658 1938 etv
676 1873 767 1937 milia
790 1872 987 1938 Graecorum
1002 1896 1092 1938 oum*

60 1961 228 2044 equitibus
247 1978 304 2040 Dc,
326 1961 413 2025 haud
437 1961 533 2026 dubie
555 1963 655 2027 robur
678 1961 821 2026 omnium
840 1961 956 2025 virium
978 1963 1075 2044 regis.

63 2049 253 2114 Arachosiis
280 2049 375 2114 datus
398 2048 519 2114 Menon
545 2054 674 2134 praetor
696 2068 749 2114 1111
771 2049 902 2114 milibus
929 2049 1110 2133 peditumo

64 2140 98 2201 et
120 2154 167 2203 Dc
191 2137 354 2220 equitibus
377 2138 413 2201 in
434 2138 631 2221 praesidium
653 2138 786 2202 relictis.

11 2247 54 2312 12
153 2223 229 2308 Ipse
246 2247 304 2290 rex
321 2226 485 2293 nationem
501 2246 542 2290 ne
556 2225 703 2290 finitimis
719 2226 846 2309 quidem
861 2226 940 2290 satis
954 2231 1076 2309 notam,

64 2313 185 2398 quippe
212 2314 301 2378 nullo
330 2315 522 2379 commercio
545 2315 704 2379 colentem
728 2317 857 2379 mutuos
885 2337 975 2396 usus,
1003 2337 1076 2380 cum

64 2402 207 2466 exercitu
225 2402 367 2467 intravit.
412 2402 684 2485 Parapamisadae
707 2402 925 2486 appellantur,
949 2407 1112 2486 agrestes

63 2489 232 2554 hominum
251 2509 353 2574 genus
373 2494 405 2554 et
422 2491 506 2555 inter
528 2491 685 2555 barbaros
708 2492 847 2555 maxime
867 2491 1077 2555 inconditum.

63 2578 226 2643 Locorum
244 2579 403 2662 asperitas
421 2579 590 2644 hominum
604 2599 730 2663 quoque
744 2579 878 2662 ingenia
896 2579 1075 2643 duraverat.

64 2665 307 2731 Gelidissimum
331 2668 560 2751 septentrionis
579 2689 672 2732 axem
696 2689 734 2731 ex
757 2687 876 2750 magna
894 2670 987 2750 parte
1007 2688 1077 2749 spe·
1097 2679 1112 2728 '1

64 2759 166 2838 etant,
183 2753 364 2820 Bactrianis
385 2756 425 2821 ab
442 2755 782 2820 occidenteooniuneti
797 2759 881 2832 sunt,
900 2755 1078 2819 meridiana

64 2843 158 2929 regio
177 2843 217 2907 ad
236 2865 323 2908 marc
341 2843 488 2908 Indicum
506 2845 620 2928 vergit.
666 2842 812 2927 Tuguria
829 2844 931 2907 latere
951 2843 991 2907 ab
1010 2843 1076 2908 imo
1096 2855 1112 2905 8

65 2935 197 2996 struunt
225 2936 270 3016 et,
297 2933 373 3016 quia
399 2931 517 3004 sterilis
546 2936 597 2996 est
623 2934 711 2996 terra
739 2933 874 2996 materia
903 2931 963 3012 [in]
993 2931 1078 2997 nudo

65 3021 165 3086 etiam
193 3020 313 3085 montis
341 3020 451 3104 dorso,
477 3041 578 3104 usque
606 3020 648 3084 ad
676 3042 838 3085 summum
861 3019 1079 3084 aedificiorum

65 3108 235 3194 fastigium
259 3109 369 3173 eodem
388 3109 544 3173 laterculo
563 3111 706 3174 utuntur.
749 3105 899 3172 Ceterum
918 3111 1080 3172 structura
1099 3120 1114 3169 9

65 3197 167 3262 latior
198 3197 239 3260 ab
271 3197 337 3262 imo
370 3196 529 3281 paulatim
556 3197 754 3262 incremento
782 3197 888 3280 operis
915 3196 949 3261 in
977 3197 1079 3261 artius

66 3286 212 3370 cogitur,
238 3285 279 3350 ad
304 3285 454 3350 ultimum
476 3285 511 3349 111
533 3285 661 3349 carinae
689 3285 828 3350 maxime
852 3285 983 3350 modum
1006 3285 1081 3349 coit.

65 3372 118 3439 Ibi
141 3374 301 3439 foramine
323 3373 439 3438 relicto
462 3394 599 3457 superne
623 3373 732 3439 lumen
755 3373 940 3439 admittunt.
986 3373 1079 3438 Vites
1100 3384 1133 3432 10

67 3466 101 3527 et
128 3462 275 3546 arbores,
302 3462 330 3526 si
353 3483 434 3546 quae
456 3462 492 3526 in
514 3466 606 3526 tanto
629 3465 735 3527 terrae
757 3463 866 3547 rigore
889 3463 1002 3526 durare
1025 3482 1080 3541 po·

66 3554 210 3634 tuerunt,
233 3550 373 3616 obruunt
390 3552 531 3636 penitus.
565 3549 687 3618 Hieme
704 3549 1005 3618 detossaelatentx
1025 3563 1108 3601 suro.
