2356 3846
106 155 169 220 104
477 154 509 221 o.
529 153 640 211 cuam
656 145 744 210 111111
768 116 771 123 ’

542 366 621 436 Ore.
642 367 682 435 X.

65 495 80 543 1
189 474 235 539 At
266 473 385 539 Bessus
414 477 448 538 et
474 472 680 539 Nabarzanes
713 475 790 540 olim
822 476 980 560 agitabam
1013 475 1127 540 salus:

101 563 214 646 exequi
238 566 385 626 statuunt
407 563 500 647 regni
522 562 696 646 cupiditate
719 563 858 628 accensi:
881 562 988 628 Dareo
1008 567 1115 627 autem

65 650 253 718 uinculumi
282 653 392 715 tantas
420 671 498 734 opes
531 671 658 734 sperare
685 663 753 715 non
782 654 940 734 poterant
991 649 1115 734 Quippe

100 738 136 801 in
158 738 222 802 illis
246 739 397 823 gentibus
413 757 527 823 regum
545 738 661 802 eximia
678 738 830 802 maiestas
849 742 911 803 est:
936 737 1116 803 adnomen

101 847 228 910 quoque
250 826 380 890 barbari
403 824 607 908 conveniunt,
632 829 665 890 et
686 826 842 910 pristinae
864 826 1030 890 veneratio
1053 825 1115 891 for

65 932 81 981 ³
100 918 199 978 tunae
218 914 361 998 sequitur
380 913 555 978 adversam.
586 912 728 978 Inflabat
745 914 861 998 impios
876 913 1003 979 animos
1017 915 1114 998 regio,

1 1071 4 1076 ,
100 1002 151 1065 cui
177 1005 361 1085 praeerant,
389 1002 487 1065 armis
514 1000 655 1086 virisque
682 1005 715 1066 et
737 1002 842 1085 spatio
864 1002 1012 1067 locorum
1034 1001 1114 1065 nulli

100 1110 212 1153 earum
239 1090 385 1175 gentium
409 1089 561 1153 secunda:
593 1090 724 1154 tertiam
745 1093 873 1174 partem
895 1087 995 1153 Asiae
1017 1091 1114 1172 tenet,

99 1177 272 1242 multitudo
302 1177 465 1242 iuniorum
492 1177 662 1260 exercitus,
695 1199 775 1262 quoe
806 1177 959 1241 amiserat
980 1175 1114 1260 Dareus,

64 1265 269 1348 raequabat.
314 1263 429 1348 Itaque
456 1285 523 1329 non
550 1265 642 1328 illum
669 1264 779 1348 modo,
811 1264 867 1328 sed
895 1264 992 1328 etiam
1020 1264 1114 1330 Alex·

101 1352 238 1416 andrum
261 1353 469 1436 spernebant,
501 1351 576 1416 inde
607 1353 692 1416 uires
720 1352 847 1436 imperii
874 1352 1057 1435 repetituri,
1088 1352 1115 1416 si

64 1439 192 1524 eregni
228 1439 268 1503 iis
304 1439 403 1523 potiri
435 1439 632 1524 contigisset
683 1439 748 1504 Diu
779 1439 929 1504 omnibus
962 1438 1113 1523 cogitatis

99 1527 221 1610 placuit
242 1548 300 1611 per
321 1528 439 1592 milites
461 1526 653 1592 Bactrianos
676 1527 717 1592 ad
741 1548 836 1593 omne
854 1527 1045 1610 obsequium
1063 1527 1114 1591 de·

99 1615 236 1679 stinatos
270 1634 379 1699 regem
415 1614 674 1700 conprehendere
709 1615 857 1698 mittique
889 1615 1041 1679 nuntium
1075 1614 1115 1679 ad

5 1699 11 1707 ’
64 1702 333 1786 eAlexandrum,
354 1703 418 1786 qui
448 1703 604 1768 indicaret
634 1703 743 1767 vivum
771 1702 933 1767 adservari
961 1723 1048 1766 eum:
1078 1703 1114 1785 si,

99 1788 132 1853 id
155 1790 241 1873 quod
262 1791 433 1872 timebant,
461 1791 677 1875 proditionem
699 1794 888 1874 aspamatus
911 1793 1010 1874 esset,
1034 1791 1115 1854 occi·

99 1878 167 1941 suri
193 1876 334 1943 Dareum
366 1881 399 1942 ct
424 1876 543 1942 Bactra
573 1898 647 1943 cum
678 1899 809 1942 suarum
842 1878 989 1962 gentium
1017 1899 1116 1942 manu

64 1965 239 2049 7petituri.
285 1963 435 2030 Ceterum
462 1967 629 2049 propalam
657 1966 876 2050 conprehendi
898 1964 1024 2030 Dareus
1048 1987 1116 2029 non

98 2056 228 2135 poterat
249 2056 301 2118 tot
315 2051 486 2117 Persarum
507 2053 638 2117 milibus
660 2053 774 2117 laturis
798 2074 892 2137 opem
910 2052 993 2136 regi:
1017 2051 1116 2117 Grae·

56 2153 80 2203 »8
100 2160 210 2204 corum
243 2161 370 2224 quoque
401 2140 481 2205 fides
510 2139 692 2205 timebatur.
736 2140 849 2224 Itaque
876 2139 962 2224 quod
989 2141 1022 2204 vi
1049 2162 1118 2205 non

98 2230 263 2310 poterant,
290 2227 403 2292 fraude
437 2229 569 2312 adsequi
600 2231 774 2313 temptant:
805 2227 1038 2311 paenitentiam
1068 2250 1116 2292 se·

99 2314 254 2379 cessionis
277 2315 427 2380 simulare
451 2316 658 2381 decreverant
680 2320 712 2381 et
730 2336 881 2380 excusare
900 2314 987 2398 apud
1004 2336 1116 2401 regem

99 2403 394 2467 consternationem
421 2425 521 2468 suam.
566 2403 714 2487 Interim,
744 2404 800 2486 qui
822 2402 937 2467 Persas
961 2403 1116 2468 sollicita-

63 2506 80 2556 a
98 2493 179 2573 rent,
202 2489 383 2556 mittuntur.
419 2489 504 2555 Hinc
527 2512 592 2575 spe,
613 2491 690 2556 hinc
708 2493 797 2555 metu
815 2491 971 2576 militares
990 2492 1117 2557 animos

98 2581 246 2643 versant:
277 2578 388 2643 ruinae
415 2599 523 2643 rerum
546 2579 680 2644 subdere
703 2579 777 2643 illos
800 2578 920 2662 capita,
951 2578 986 2641 in
1007 2582 1117 2662 perni-

99 2666 179 2730 ciem
206 2665 307 2750 trahi,
339 2687 412 2731 cum
438 2666 558 2731 Bactra
584 2669 718 2751 pateant
744 2670 915 2750 exceptura
940 2687 996 2730 eos
1018 2667 1117 2732 bonis

99 2756 132 2816 et
168 2753 348 2838 opulentia,
385 2754 501 2818 animis
537 2776 634 2837 quam
670 2754 839 2838 concipere
874 2773 942 2818 non
978 2755 1117 2836 possint.

45 2855 80 2903 10
98 2837 188 2904 Haec
211 2840 411 2924 agitantibus
425 2840 606 2905 Artabazus
629 2841 814 2925 supervenit
837 2841 903 2906 sive
920 2841 1008 2925 regis
1024 2842 1127 2908 iussu

92 2926 165 2990 sive
200 2947 258 2990 sua
289 2932 404 3011 sponte
436 2926 624 3008 adfirmans,
659 2927 843 3012 mitigatum
873 2948 943 2993 esse
971 2927 1116 2994 Dareum

98 3016 132 3077 et
157 3014 294 3079 eundem
320 3015 385 3080 illis
414 3014 572 3079 amicitiae
595 3013 731 3098 madum
751 3018 862 3098 patere
886 3016 971 3100 apud
993 3037 1116 3102 regem.

45 3117 78 3168 11
97 3099 150 3165 Illi
186 3101 392 3166 lacrimantes
426 3122 513 3166 nunc
543 3121 684 3186 purgare
716 3123 763 3186 se,
798 3123 883 3167 nunc
915 3102 1116 3169 Artabazum

99 3208 200 3271 orare,
221 3192 259 3252 ut
281 3209 412 3254 causam
434 3190 579 3273 ipsorum
595 3191 739 3255 tueretur
756 3211 929 3276 precesque
946 3191 1114 3276 perferret.

46 3292 80 3343 11
99 3273 152 3341 Sic
173 3278 304 3360 peracta
326 3280 421 3341 nocte
444 3277 505 3342 sub
527 3276 609 3343 lueis
632 3280 777 3342 exortum
799 3277 916 3344 Besaro
939 3282 971 3343 et
986 3277 1114 3345 Nabar·

98 3385 195 3429 zancs
221 3385 294 3429 cum
321 3361 502 3429 Bactrianis
527 3364 685 3431 militibus
711 3364 747 3430 in
773 3366 932 3431 vestibulo
959 3368 1113 3451 praetorii

98 3451 252 3536 aderant,
275 3451 406 3517 titrrlum
428 3453 593 3519 sollemnis
616 3451 715 3518 officii
737 3454 862 3518 occulto
887 3455 998 3519 sceleri
1020 3476 1113 3539 prae·

70 3533 232 3607 resenas.
278 3539 412 3608 Dareus
441 3539 540 3630 signo
568 3541 610 3609 ud
636 3539 778 3608 eundum
801 3539 877 3605 dato
899 3562 1029 3605 currum
1049 3542 1111 3623 pri·
