2356 3846
108 132 176 198 264
335 108 338 176 j
486 130 519 198 o.
538 130 754 189 corennum

50 289 93 340 ao
109 278 219 364 plures
242 275 434 362 dimiserim,
455 298 554 362 quarn
571 279 757 342 retenturus
776 298 858 344 sum.
896 275 1018 344 Subest
1034 277 1132 344 nimi·

108 388 184 432 rum
203 367 301 432 altius
321 365 463 451 malum,
480 365 566 450 quod
585 387 698 432 omnes
718 366 839 432 avertit
855 387 876 431 u
893 388 956 432 me.
993 365 1132 445 Quando

109 456 197 521 enirn
228 475 340 540 regem
372 455 541 520 universus
573 454 718 521 deseruit
745 454 926 522 exercitus?
963 453 1017 521 Ne
1044 455 1132 522 servi

108 543 240 629 quidem
268 565 333 610 uno
362 562 463 628 grege
489 543 683 629 profugiunt
710 543 871 630 dominos,
899 544 956 610 sed
984 547 1037 609 est
1065 544 1132 630 qni·

109 632 185 698 dum
216 633 252 698 in
282 631 350 697 illis
381 631 487 716 pudor
515 655 534 696 a
562 632 678 698 ceteris
711 631 885 698 destitutos
917 631 1133 718 relinquendi

53 732 90 782 21
109 719 232 787 Verum
265 742 326 807 ego
356 725 425 785 tam
456 720 601 787 furiosae
629 721 903 788 consternationis
931 721 1058 787 oblitus
1085 743 1133 786 re·

107 810 218 875 media
239 809 478 876 insanabilibus
502 831 601 876 eonor
625 809 788 876 adhibere
834 810 971 877 Omnem
998 809 1134 876 hercule

109 920 213 984 spem,
236 920 333 985 quum
357 919 397 964 ex
418 898 512 964 vobis
535 919 755 984 conceperam,
779 899 897 965 damno
920 920 982 965 neo
1000 902 1041 964 ut
1058 920 1134 965 cum

109 987 271 1053 militibus
286 987 369 1053 meis
385 1023 423 1034 -
440 987 508 1053 iarn
527 988 615 1052 eninr
634 1009 704 1053 esse
722 987 909 1054 desistis-
926 988 983 1054 sed
1000 989 1041 1054 ut
1058 1008 1135 1053 cnm

54 1087 91 1137 22
109 1076 345 1161 ingratissimis
377 1075 486 1160 operis
519 1096 616 1161 agere
647 1077 783 1143 decrevi.
835 1074 990 1142 Secundis
1025 1077 1136 1162 rebus,

111 1186 194 1250 quae
218 1164 444 1230 circumfluunt
466 1186 535 1249 vos,
557 1165 700 1230 insanire
722 1166 886 1251 coepistis,
909 1165 1007 1232 obliti
1026 1168 1135 1230 status

110 1252 196 1338 eius,
222 1275 319 1339 quem
340 1252 498 1318 beneficio
522 1254 657 1319 exuistis
675 1275 767 1339 meo,
794 1255 886 1340 digni
907 1253 1056 1339 hercule,
1079 1253 1138 1338 qui

111 1342 147 1408 in
175 1342 288 1408 eodem
320 1342 575 1423 consenescatis,
606 1343 761 1427 quoniam
793 1343 923 1409 facilius
957 1346 1010 1408 est
1041 1342 1137 1410 vobis

56 1441 94 1492 23
113 1429 284 1497 adversam
312 1452 411 1515 quam
438 1431 613 1496 secundam
640 1451 753 1516 regere
776 1431 952 1497 fortrmam.
987 1429 1043 1497 En
1064 1434 1137 1497 tan·

113 1519 202 1605 dem,
232 1518 422 1604 Illyriorum
453 1520 551 1603 paulo
581 1523 657 1585 ante
685 1524 719 1585 et
744 1519 920 1586 Persarum
947 1519 1137 1585 tributariis

112 1607 195 1673 Asia
223 1612 257 1673 et
282 1610 334 1673 tot
357 1608 506 1692 gentium
535 1608 642 1692 spolia
663 1608 796 1675 fastidio
820 1611 904 1675 sunt
950 1607 1050 1674 Modo
1076 1607 1136 1673 sub

112 1696 266 1781 Philippo
287 1695 464 1761 seminudis
483 1696 624 1762 amicula
640 1719 680 1763 ex
697 1719 843 1781 purpura
859 1697 1003 1781 sordent,
1021 1717 1136 1762 aarum

112 1788 147 1850 et
165 1789 339 1870 argentum
358 1785 445 1850 oculi
462 1783 547 1850 ferre
565 1807 632 1850 non
649 1790 801 1869 possuntt
823 1786 935 1870 lignea
952 1785 1042 1851 enim
1058 1805 1137 1851 vass

112 1873 299 1940 desiderant
327 1876 361 1938 et
388 1895 428 1938 ex
455 1873 599 1939 cratibus
623 1878 717 1940 scuta
738 1873 986 1959 rubiginemque
1010 1873 1135 1959 gladio
1165 1872 1168 1878 ’

58 1972 97 2023 24
114 1984 197 2029 rum.
234 1961 308 2027 Hoc
331 1962 420 2026 cultu
441 1962 584 2026 nitentes
602 1984 661 2045 vos
681 1963 792 2047 accepi
809 1965 844 2028 et
861 1981 886 2028 D
905 1963 1034 2028 talenta
1053 1962 1133 2028 ae'ris

115 2050 229 2134 alieni,
253 2071 325 2116 curn
348 2049 455 2117 omnis
478 2050 570 2135 regia
595 2050 741 2134 supellex
763 2050 850 2116 haud
873 2050 1018 2135 amplius
1038 2071 1134 2137 quam

112 2157 164 2205 ax
190 2139 391 2204 talentorum
427 2142 510 2204 essct.
557 2138 638 2206 Erec
672 2161 821 2205 meorum
857 2160 993 2224 operum
1024 2138 1133 2205 funde·

114 2229 240 2293 menta!
276 2226 393 2310 quibus
426 2229 536 2290 tamen
564 2263 602 2273 -
629 2227 718 2293 absit
749 2227 874 2293 invidie
899 2227 1132 2312 —imperium

60 2327 98 2378 25
116 2316 278 2382 maximae
300 2318 463 2380 terrarum
485 2314 590 2398 partis
613 2315 752 2399 inposui.
790 2314 932 2382 Asiaene
949 2319 1132 2400 pertaesum

116 2408 181 2492 est,
204 2424 369 2489 quaeres
392 2402 499 2488 gloria
521 2424 631 2469 rerum
654 2407 822 2489 gestarum
845 2404 896 2469 dis
918 2426 1016 2490 peres
1037 2402 1132 2471 fecit?

114 2493 157 2560 In
183 2491 351 2576 Europam
377 2491 426 2556 ire
453 2493 637 2576 properetis
664 2513 741 2578 rege
764 2492 906 2577 deserto,
938 2514 1012 2559 cum
1038 2491 1133 2579 pluri·

115 2583 178 2648 bus
195 2585 339 2647 vestrum
361 2580 548 2645 defuturum
566 2581 721 2646 viaticum
738 2581 851 2666 fucrit,
868 2583 904 2648 ni
922 2603 977 2647 aes
996 2581 1133 2647 alienum

13 2690 16 2695 ’
63 2671 265 2754 noluissem,
294 2690 413 2753 nempe
439 2669 474 2734 in
500 2668 649 2735 Asiatica
675 2670 805 2754 praeda.
849 2669 919 2737 Nec
944 2669 1047 2754 pudet
1068 2691 1134 2756 pro

117 2758 217 2825 fundo
236 2761 348 2825 ventre
368 2757 568 2822 devictarum
587 2759 734 2842 gentium
752 2758 859 2843 spolia
877 2759 1135 2827 circumferentes

116 2848 238 2913 reverti
273 2846 358 2913 velle
396 2846 437 2910 ad
469 2846 591 2911 liberos
624 2847 854 2933 coniugesque,
890 2847 1009 2932 quibus
1046 2846 1137 2933 ponci

117 2937 266 3021 praemia
290 2935 447 3001 victoriae
474 2935 614 3018 potestis
638 2935 821 3002 ostendere:
848 2957 926 3002 nam
949 2939 1138 3020 ceterorum,

120 3024 195 3089 dum
229 3025 330 3089 etiam
360 3023 430 3107 spei
462 3026 589 3089 vestrae
617 3024 749 3089 obviam
776 3025 863 3112 istis,
894 3046 987 3091 erma
1013 3044 1138 3110 quoque

65 3124 101 3176 2⁷
119 3112 252 3198 pignori
289 3114 374 3178 sunt.
423 3110 526 3176 Bonis
558 3133 635 3178 vero
672 3113 833 3179 militibus
865 3113 1029 3180 cariturus
1063 3134 1141 3197 sum,

119 3201 261 3286 pelicum
280 3222 413 3265 suarum
432 3200 633 3286 concubinis,
653 3201 770 3287 quibus
788 3202 851 3268 hoo
867 3203 973 3269 solum
986 3223 1028 3267 ex
1041 3201 1141 3268 tantis

121 3288 240 3374 opibus
259 3293 421 3373 superest,
439 3289 474 3353 in
492 3289 579 3373 quod
597 3289 794 3375 inpenditur.
829 3290 969 3357 Proinde
987 3289 1144 3377 fugienti·

119 3378 183 3444 bus
207 3400 259 3444 me
281 3381 418 3461 pateant
440 3377 575 3442 limites:
597 3378 749 3444 facessite
770 3378 848 3446 hinc
864 3379 965 3460 ocius,
986 3399 1053 3465 ego
1071 3401 1145 3446 eum

107 3465 224 3534 Persis
243 3465 441 3535 abeuntium
458 3469 555 3554 terga
570 3467 717 3534 tutabor.
743 3464 918 3534 Neminem
933 3471 1048 3535 teneor
1065 3469 1146 3536 libe·

35 3562 80 3612 28
94 3559 175 3624 rate
206 3560 329 3628 oculos
358 3582 473 3649 meos,
504 3555 735 3647 ingratissimi
760 3555 859 3622 ciues.
892 3554 998 3621 tracti
1017 3575 1083 3619 uos
1104 3577 1154 3618 ex·
