2356 3846
124 163 188 229 150
495 161 760 229 2022212221

120 309 227 392 ipsum
259 307 489 391 iacularentur,
519 307 603 372 nihil
635 306 725 371 aliud
756 327 842 391 esse,
872 328 971 391 qnam
1005 307 1135 372 scelesti

122 397 222 461 animi
245 396 383 460 indicem
407 419 445 460 ac
466 399 593 460 testem.
630 394 720 472 Quae
748 395 775 458 si
797 416 875 460 vera
899 399 1022 479 essent,
1048 395 1135 460 idem

122 485 276 550 meruisse
301 506 368 570 eos,
394 484 479 568 quod
501 483 669 563 Philotan,
697 483 725 548 si
747 482 847 566 false,
870 483 998 568 exigere
1019 484 1134 567 ipsum,

70 583 103 632 1⁷
122 576 159 636 ut
184 572 344 637 refellant.
389 571 568 638 Productus
597 571 711 636 deinde
738 569 944 655 Antiphanes
973 571 1014 636 de
1043 572 1135 656 equis

122 682 187 725 non
213 662 342 725 traditis
371 666 404 726 et
431 661 564 725 adiectis
593 661 691 725 etiam
719 660 857 742 superbe
882 660 980 724 minis
1004 659 1136 724 indicat.

71 759 103 809 18
123 748 206 814 Turn
228 749 391 833 Amyntas
418 749 506 813 facta
528 748 656 812 dicendi
677 750 854 832 potestate,
883 745 930 813 ‘Si
953 746 1059 832 nihil',
1087 749 1163 814 in-3

123 838 201 921 quit,
217 837 364 902 ‘interest
377 838 472 923 regis,
490 840 576 920 peto,
594 840 639 920 ut,
658 836 733 900 dum
748 835 829 915 dieo,
842 837 980 900 vinculis
994 835 1136 901 liberer'.

121 924 191 990 Rex
224 926 309 990 solvi
340 929 510 1009 utrumque
537 925 641 1009 iubet,
673 924 933 1008 desiderantique
960 923 1136 1008 Amyntae,

122 1017 159 1077 ut
180 1014 313 1078 habitus
343 1035 469 1099 quoque
496 1013 683 1078 redderetur
702 1013 867 1096 armigeri,
894 1012 1043 1078 lanceam
1067 1013 1137 1078 dari

71 1112 103 1162 19
121 1101 225 1166 iussit.
271 1102 375 1178 Quam
398 1106 434 1166 ut
456 1102 549 1166 laeva
572 1101 817 1185 conprehendit,
840 1101 964 1166 evitato
987 1122 1027 1166 co
1052 1101 1135 1185 loco,

123 1190 157 1253 in
180 1211 243 1273 quo
265 1190 442 1255 Alexandri
465 1211 579 1273 corpus
601 1189 699 1273 paulo
723 1192 797 1254 ante
819 1190 973 1274 iacuerat,
997 1187 1136 1265 ‘Qualis-

123 1278 280 1362 cumque',
306 1279 424 1361 inquit,
457 1277 573 1341 ‘exitus
601 1298 661 1342 nos
688 1281 811 1360 manet,
838 1297 907 1360 rex,
935 1278 1136 1362 eonfitemur,

122 1387 312 1449 prosperum
335 1366 398 1430 tibi
425 1366 603 1449 debiturus,
630 1366 807 1430 tristiorem
835 1364 984 1430 fortunae
1007 1366 1135 1450 inputa·

69 1465 104 1514 2ο
122 1457 222 1517 turos.
255 1451 330 1517 Sine
348 1453 543 1537 praeiudicio
563 1453 698 1518 dicimus
713 1474 843 1518 eausam
860 1453 973 1517 liberis
993 1454 1135 1538 corpori-

122 1542 183 1606 bus
211 1543 398 1625 animisque.
444 1541 602 1606 Habitum
626 1541 741 1625 retiam,
773 1543 809 1605 in
836 1563 900 1624 quo
927 1545 960 1605 te
984 1542 1135 1606 comitari

124 1630 274 1711 solemus,
296 1630 474 1695 reddidisti.
515 1628 655 1694 Causam
677 1651 741 1694 non
764 1651 946 1713 possumus,
967 1629 1134 1695 fortunam

70 1730 102 1778 21
123 1718 236 1782 timere
273 1719 465 1785 desinemus.
517 1717 578 1802 Et,
614 1738 749 1801 quaeso,
784 1718 953 1801 permittas
987 1718 1071 1782 mihi
1102 1718 1134 1782 id

121 1806 263 1889 primuni
286 1807 468 1889 defendere,
498 1806 584 1890 quod
611 1827 631 1869 a
656 1808 690 1869 te
713 1805 863 1870 ultimum
887 1806 1051 1870 obiectum
1075 1810 1134 1871 est.

122 1893 207 1975 Nos,
234 1917 303 1979 rex,
328 1895 486 1959 sermonis
510 1893 663 1958 adversus
686 1894 891 1975 maiestatem
913 1897 1004 1958 tuam
1027 1894 1136 1960 babiti

122 1983 243 2047 nullius
265 1983 385 2047 conscii
408 2003 521 2047 sumus
538 1982 644 2046 nobis.
689 1979 839 2046 Dicerem
859 1982 1070 2065 iampridem
1088 1983 1134 2048 vi·

123 2070 205 2135 cisse
222 2073 256 2133 te
279 2070 448 2153 invidiam,
470 2070 534 2134 nisi
557 2069 739 2152 perieulum
762 2073 861 2152 esset,
888 2091 931 2134 ne
954 2070 1020 2134 alia
1043 2072 1136 2136 mali-

70 2171 103 2219 22
123 2159 218 2242 gnius
234 2158 320 2222 dicta
334 2159 479 2222 crederes
498 2154 618 2221 blanda
637 2158 783 2222 oratione
801 2159 944 2242 purgari.
981 2156 1135 2224 Ceterum

124 2246 252 2310 etiarnsi
271 2246 383 2310 militis
406 2247 455 2310 tui
478 2246 528 2309 vel
547 2246 581 2309 in
600 2245 730 2330 agmine
748 2245 926 2310 deficientis
945 2250 979 2310 et
1000 2246 1136 2334 fatigati

122 2335 173 2398 vel
205 2334 241 2398 in
268 2335 336 2398 acie
363 2333 580 2417 periclitantis
608 2335 660 2399 rel
687 2334 721 2398 in
747 2334 955 2399 tabernaculo
983 2338 1075 2420 aegri
1104 2340 1137 2401 et

122 2424 256 2488 uulnera
288 2423 429 2486 curantis
462 2422 572 2505 aliqua
603 2444 665 2487 vox
697 2421 842 2505 asperior
873 2425 960 2486 esset
992 2427 1136 2507 accepta,

123 2533 341 2576 merueramus
355 2511 495 2576 fortibus
513 2510 617 2593 factis,
635 2513 672 2574 ut
686 2510 800 2574 malles
814 2531 853 2574 ea
866 2511 1006 2594 tempori
1020 2517 1135 2578 nostro

71 2611 104 2662 23
123 2600 272 2684 inputare
291 2622 388 2684 quam
403 2600 520 2664 animo.
552 2596 635 2664 (lum
649 2598 726 2682 quid
740 2598 858 2663 accidit
871 2599 1007 2682 tristius,
1022 2620 1135 2666 omnes

122 2689 170 2752 rei
193 2691 280 2754 sunt:
306 2689 494 2772 corporibus
516 2688 651 2767 nostris,
675 2709 758 2771 quae
779 2687 890 2770 utique
912 2708 979 2751 non
997 2687 1136 2775 odimus,

122 2775 257 2841 infestas
277 2777 483 2841 admovemus
507 2798 634 2840 manus:
656 2779 817 2859 parentes,
840 2775 951 2840 liberis
975 2775 1003 2840 si
1027 2797 1137 2843 occur·

123 2868 210 2947 rant,
243 2869 276 2928 et
306 2865 430 2950 ingrati
461 2867 494 2927 et
522 2864 621 2928 invisi
648 2868 732 2928 sunt.
782 2861 905 2928 Contra
936 2884 1009 2928 eum
1041 2864 1135 2931 donis

104 2949 330 3036 'honoramur,
349 2974 422 3017 cum
439 2951 592 3035 praemiis
612 2951 721 3016 onusti
738 2953 938 3036 revertimur,
957 2952 1031 3036 quis
1049 2953 1135 3019 ferre

123 3059 182 3102 nos
209 3041 341 3122 potest?
374 3040 445 3124 quis
477 3039 567 3103 illam
595 3039 775 3103 animorum
802 3041 1005 3106 alacritatem
1032 3043 1136 3107 conti·

71 3139 106 3188 24
124 3127 224 3192 nere?
267 3126 479 3192 Militantium
501 3148 562 3192 nec
588 3127 767 3211 indignatio
796 3149 855 3193 nec
877 3129 1004 3193 laetitia
1026 3132 1135 3196 moda

123 3219 197 3297 rata
219 3219 276 3279 est.
320 3215 372 3280 Ad
396 3237 506 3282 omnes
530 3215 674 3279 adfectus
697 3215 819 3299 impetu
842 3218 994 3301 rapimur.
1040 3216 1134 3284 Vitu-

123 3325 288 3389 peramus,
313 3304 498 3382 laudamus,
521 3303 723 3387 miseremur,
750 3305 933 3388 irascimur,
960 3310 1135 3391 utcumque

121 3414 277 3477 praesens
300 3394 402 3458 movit
425 3391 580 3458 adfectio:
603 3391 699 3456 modo
722 3391 847 3456 Indiam
871 3393 958 3458 adire
981 3398 1015 3457 et
1036 3394 1135 3461 Ocea·

108 3501 193 3547 num
222 3482 321 3569 libet,
354 3481 452 3549 modo
486 3481 661 3567 coniugum
686 3483 719 3544 et
746 3481 920 3546 liberorum
946 3482 1135 3567 patriaeque

35 3573 78 3623 26
92 3573 264 3641 memoria
288 3573 447 3645 occurrit.
492 3569 557 3641 Sed
579 3571 642 3638 has
666 3568 896 3656 cogitationes,
908 3569 976 3632 bas
993 3571 1081 3634 inter
1100 3593 1135 3635 se
