2370 3834
168 238 179 249 N
257 159 514 217 HISTORIARUM
533 159 749 216 ALEXANDRI
766 160 805 229 X,
825 167 849 216 7.
869 165 894 217 8.
1016 159 1081 224 281

57 305 248 393 armatique
271 308 511 392 conpleverant
552 305 615 372 sed
637 306 754 391 iugens
777 328 837 372 sua
859 309 976 391 sponte
995 317 1118 371 mae-s

57 394 160 461 stitia
194 395 332 462 ultimae
368 393 602 480 desperationis
638 395 736 463 index
772 400 843 461 erat
879 395 1084 480 suspectique

56 482 204 551 inuicem
234 506 302 551 non
335 485 424 551 adire
454 485 602 571 propius,
637 506 706 550 non
737 485 890 569 conloqui
922 483 1084 550 audebant

57 574 205 641 metas
236 573 453 659 cogitationes
475 575 564 639 intra
586 596 621 640 se
645 595 773 658 quoque
795 575 960 640 volvente:
989 576 1022 638 et
1045 595 1084 637 ex

55 661 508 831 ttptttttftttttt
528 662 1085 818 tttfitttttttlttttt
1103 762 1138 811 10

57 843 159 931 erant
161 801 412 925 ,requirebant
451 774 599 906 Desptitut
601 801 645 906 os,
664 863 699 907 se
725 841 813 906 inter
834 776 1004 906 iiifestas
994 838 1084 906 indo

58 889 225 1014 mitesque
253 932 377 1014 gentes,
400 930 600 1013 expetituras
623 933 675 995 tot
696 952 829 996 suarum
849 929 990 996 cladium
1008 951 1084 1014 poe-

56 1039 138 1098 nas,
163 1017 356 1120 quandoque
387 1018 500 1084 oblata
528 1022 614 1084 esset
637 1018 775 1085 occasio.
824 1018 886 1084 His
909 1019 1082 1121 cogitatio·⁸
1103 1029 1135 1077 11

56 1106 161 1173 nibus
183 1107 309 1172 animos
328 1108 519 1193 eredebant,
494 1111 613 1174 tcum
633 1107 852 1190 adnuntiatur,
872 1107 1008 1192 equites,
1030 1106 1085 1209 qui

58 1193 125 1262 sub
146 1193 301 1261 Perdicca
324 1199 447 1280 esseut,
470 1197 635 1281 occupatis
658 1197 746 1264 circa
767 1196 953 1350 Babylonat
956 1195 1084 1300 campis

57 1283 277 1368 frumenmm,
293 1285 451 1387 ‘quod
441 1307 477 1351 m
514 1285 629 1352 urbem
671 1285 862 1371 vehebatur,
901 1288 953 1351 ret
954 1284 1085 1351 iuuisse.

57 1362 222 1476 Itaque
211 1373 324 1458 inopia
349 1375 506 1458 primum,
536 1374 651 1439 deiude
678 1375 781 1440 fames
810 1397 881 1442 esse
909 1376 1018 1459 coepit
1044 1377 1137 1455 et,12

60 1461 122 1548 qui
149 1461 185 1526 in
211 1462 292 1527 urbe
321 1467 429 1548 erant,
456 1466 514 1528 aut
538 1463 811 1529 reconciliandam
838 1485 912 1529 cum
932 1462 1087 1530 Perdicca

60 1548 207 1637 gratiam
235 1555 293 1616 aut
322 1551 422 1616 armis
450 1552 639 1617 certandum
662 1555 732 1618 es'se
759 1552 943 1618 censebant.
987 1552 1085 1617 Forte
1106 1562 1139 1611 13

60 1640 113 1705 ita
141 1638 318 1724 acciderat,
347 1643 396 1724 ut,
428 1641 485 1726 qui
516 1640 552 1705 in
583 1641 671 1726 agris
700 1644 805 1722 eraut,
841 1641 1086 1726 populationem

59 1727 218 1795 uillarum
240 1729 450 1814 vicorumque
475 1729 571 1795 veriti
593 1692 838 1814 confugereni
828 1752 864 1794 ιιι
881 1729 1010 1814 urbem,
1031 1751 1086 1813 op·

60 1814 192 1903 pidnni,
213 1839 287 1883 cum
309 1817 398 1919 ipsos
423 1817 580 1883 alimenta
603 1817 790 1903 deficerent,
811 1820 985 1884 morderem
1005 1818 1086 1883 urbe

62 1908 101 1973 ct
122 1905 253 1991 utrique
272 1905 384 1991 generi
402 1905 513 1990 potior
533 1906 640 1972 aliena
659 1906 751 1973 sedes
771 1929 869 1992 quam
887 1929 947 1974 sue
964 1906 1087 1972 videre·

10 1994 129 2063 attur.
174 1993 319 2072 Quorum
356 1994 653 2060 consternationem
688 1995 883 2073 Macedones
919 1996 1016 2061 ueriti
1051 1995 1086 2060 in
1106 2006 1141 2055 14

60 2083 190 2169 regiam
218 2086 350 2168 coeunt,
377 2105 522 2168 quaeque
550 2084 697 2168 ipsorum
722 2085 884 2150 sententia
908 2086 1006 2165 esset,
1033 2107 1086 2149 ex·

60 2175 202 2259 ponunt.
246 2171 400 2238 Placebat
430 2175 539 2238 autem
566 2173 694 2258 legatos
718 2173 759 2238 sd
783 2173 907 2259 equites
931 2173 1021 2238 mitti
1047 2173 1086 2237 de

60 2261 208 2327 finienda
240 2260 402 2327 discordia
432 2261 600 2347 armisque
627 2262 794 2346 ponendis.
839 2261 944 2348 Igitur
967 2285 986 2328 a
1008 2282 1085 2346 rege
1106 2271 1140 2320 15

60 2351 195 2436 legatur
221 2350 323 2415 Pasas
351 2349 527 2415 Thessalus
555 2353 589 2415 et
615 2349 767 2416 Amissus
789 2351 1086 2436 Megalopolitanus

63 2441 100 2505 et
127 2437 291 2505 Perilaus:
322 2438 377 2523 qui
405 2460 476 2504 cum
505 2436 661 2505 mandata
687 2440 776 2525 regis
803 2439 993 2521 edidissent,
1019 2461 1087 2504 non

63 2527 163 2595 aliter
184 2527 351 2613 posituros
375 2549 468 2592 arma
490 2528 629 2612 equites,
652 2549 750 2612 quam
775 2528 804 2592 si
826 2549 883 2593 rex
907 2526 1086 2593 discordiae

62 2620 216 2685 auctores
233 2615 420 2700 dedidisset,
440 2614 545 2681 tulere
567 2637 771 2699 responsum.
808 2615 871 2682 His
891 2615 1086 2680 renuntiatis
1107 2625 1141 2675 16

62 2727 126 2773 sua
148 2708 265 2790 sponte
294 2727 386 2771 arma
408 2705 530 2770 milites
554 2704 696 2789 capiunt.
741 2703 885 2782 Quorum
907 2705 1050 2770 tumultu
1069 2725 1087 2769 e

61 2793 159 2881 regia
193 2792 367 2878 Philippus
405 2793 544 2873 excitus,
585 2791 721 2877 ‘Nihil‚’
742 2793 877 2879 inquit,
910 2792 1087 2858 ‘seditione

63 2887 118 2951 est
148 2904 241 2968 opus.
294 2881 382 2948 Nam
413 2882 502 2948 inter
533 2903 568 2947 se
605 2882 801 2948 certantium
837 2882 996 2967 praemia,
1031 2883 1088 2967 qui

63 2972 261 3058 quieverint,
293 2971 505 3056 occupabunt.
555 2969 659 3037 Simul
691 2974 889 3037 mementote
918 2993 992 3048 rem¹
1016 2993 1086 3037 esse
1106 2981 1140 3030 1⁵1

62 3083 142 3129 cum
170 3060 310 3145 civibus,
347 3061 465 3146 quibus
502 3081 593 3144 spem
629 3061 755 3146 gratiae
792 3060 857 3126 cito
896 3060 1088 3144 abrumpere

63 3148 107 3216 ad
135 3150 259 3216 bellum
282 3150 377 3216 civile
404 3149 651 3234 properantium
675 3153 734 3215 est
776 3149 891 3214 Altera
913 3149 1087 3235 legatione,
1107 3159 1140 3208 18

62 3261 109 3307 an
134 3238 283 3324 mitigari
314 3239 457 3323 possint,
488 3239 700 3322 experiamur.
745 3238 791 3303 nt
823 3237 917 3305 credo
944 3236 1088 3304 nondum

60 3328 154 3413 regis
184 3349 318 3413 corpore
351 3328 481 3412 sepulto
515 3327 556 3392 ad
587 3326 783 3412 praestanda
813 3328 844 3394 ei
866 3327 955 3393 iusta
983 3326 1087 3392 omnis

62 3438 138 3485 esse
164 3417 317 3485 coituros.
362 3415 457 3492 Quod
484 3415 599 3481 adme
623 3416 756 3501 attinet
783 3417 915 3482 reddere
942 3415 1037 3481 hoe
1027 3437 1088 3479 im·
1107 3425 1140 3473 19

59 3505 192 3593 perium
223 3506 311 3571 malo
344 3527 442 3590 quam
477 3526 623 3571 exercere
653 3468 775 3573 civiuirr
804 3505 981 3588 sangiune
1003 3502 1085 3564 et
1059 3524 1098 3561 si

59 3594 157 3661 nulla
178 3593 245 3660 alia
268 3593 461 3662 concordiae
486 3618 563 3685 spes
588 3598 657 3686 est,
682 3618 745 3664 oro
769 3609 986 3680 quaesoque
1002 3583 1127 3658 &RQ
