2356 3846
272 179 526 235 fflsroulaaun
542 178 758 235 scuranum
775 179 836 249 VII,
855 185 879 233 4.
1020 180 1081 242 161

71 326 105 388 22
132 322 265 407 ingenio
293 325 327 388 et
348 323 453 387 multo
475 342 564 388 mero
588 322 679 387 ferox
703 323 783 388 adeo
807 322 941 407 exarsit,
968 323 1083 388 utrix

70 412 112 478 ab
131 410 259 494 amicis,
278 431 341 494 quo
360 413 467 475 minus
487 410 647 476 occideret
665 433 747 494 eum,
763 446 801 458 -
818 409 1083 477 nam'strinxcrat

70 519 199 584 quoque
223 499 385 564 acinacem
403 535 440 545 -
457 499 683 564 contineretur.
721 496 815 563 Certe
838 500 987 565 convivio
1010 522 1083 584 pro·

70 587 164 652 afluit
176 587 425 671 haudquaquam
440 591 555 672 potens
565 588 693 653 mentis.
711 584 855 652 Gobares
864 589 951 653 inter
964 590 1083 654 tumul·

69 680 141 741 tum
164 676 293 759 elapsus
317 676 359 740 ad
380 675 602 740 Alexandrum
624 675 812 759 transfugit.

18 769 58 834 17
158 781 222 828 vm
244 763 336 828 milia
358 763 607 828 Bactrianorum
633 764 776 829 habebat
799 767 925 828 armata
947 762 1083 829 Bessus:
1102 783 1136 832 2ο

69 851 1084 1023 Abab?luds}tttlsltffltlltltltlllt

69 1028 228 1093 fecerunt:
259 1035 432 1112 postquam
455 1028 628 1093 adventare
649 1028 869 1092 Alexandrum
893 1032 1084 1111 conpertum

71 1121 136 1199 est,
157 1117 193 1180 in
211 1137 287 1181 euos
311 1119 444 1200 quisque
466 1117 554 1182 vicos
578 1116 696 1200 dilapsi
713 1115 852 1180 Bessum
873 1115 1083 1200 reliquerunt.

69 1204 133 1269 Ille
156 1225 229 1269 eum
251 1203 419 1269 clientium
441 1226 551 1287 manu,
580 1206 634 1288 qui
661 1226 728 1270 non
750 1208 956 1286 mutaverant
978 1204 1082 1285 fidem,
1102 1226 1135 1274 21

70 1291 141 1357 Oxo
163 1313 257 1357 amne
279 1295 432 1376 superato
456 1293 641 1377 exustisque
662 1293 816 1377 navigiis,
838 1291 956 1376 quibus
979 1296 1084 1357 trans·

69 1381 168 1464 ierat,
202 1401 244 1445 ne
271 1380 400 1445 iisdem
435 1380 541 1445 hostis
576 1383 735 1460 uteretur,
771 1402 873 1445 novas
906 1380 1017 1464 copias
1049 1381 1085 1446 in

71 1466 245 1553 Sogdianis
269 1468 490 1533 contrahebat.

159 1555 343 1621 Alexander
356 1554 536 1621 (laucasum
554 1556 692 1639 quidem,
710 1559 748 1619 ut
767 1577 865 1638 supra
883 1556 1005 1621 dictum
1026 1561 1083 1634 est,
1102 1577 1135 1626 22

69 1645 259 1726 transierat,
296 1644 353 1709 sed
390 1645 501 1728 inopia
537 1643 691 1709 frumenti
725 1645 878 1726 [quoque]
911 1666 1011 1727 prope
1043 1645 1084 1708 ad

69 1733 191 1797 famem
212 1734 345 1797 ventum
368 1736 446 1796 erat.
492 1730 574 1796 Suco
603 1752 642 1796 ex
666 1753 793 1796 sesama
815 1753 968 1814 expresso
996 1732 1083 1797 haud
1102 1753 1136 1802 23

70 1841 164 1885 secus
187 1841 285 1904 quam
307 1821 379 1885 oleo
402 1824 491 1884 artus
513 1821 770 1904 perunguebant.
809 1817 873 1884 Sed
895 1818 991 1884 huius
1015 1821 1085 1884 suci

70 1907 202 1974 ducenis
222 1908 438 1992 quadragenis
454 1908 591 1972 denariis
607 1908 783 1991 amphorae
800 1907 958 1992 singulae,
977 1908 1084 1972 mellis

69 1997 212 2062 denariis
235 1997 373 2061 trecenis
396 1996 589 2080 nonagenis,
611 1997 751 2061 trecenis
775 1995 844 2059 vini
867 1995 1085 2060 aestimaban-

69 2089 139 2150 tur:
170 2084 271 2149 tritici
293 2083 375 2150 nibil
399 2087 456 2149 aut
479 2084 653 2148 admodum
676 2085 828 2168 exiguum
853 2084 1085 2166 reperiebatur.

71 2171 163 2239 Siros
197 2173 360 2237 vocabant
395 2172 528 2236 barbari
562 2172 689 2256 scrobes,
729 2193 810 2255 quos
851 2171 899 2235 ita
936 2172 1085 2236 sollerter
1103 2193 1138 2240 24

70 2259 287 2343 abscondunt,
323 2263 374 2343 ut,
410 2260 473 2324 nisi
511 2260 565 2343 qui
598 2259 802 2342 defoderunt,
838 2260 983 2324 invenire
1017 2282 1085 2325 non

69 2349 214 2435 possint:
249 2349 284 2413 in
314 2347 367 2412 his
399 2347 547 2412 conditae
578 2347 687 2433 fruges
721 2350 823 2413 erant
875 2346 914 2411 In
947 2369 1084 2431 quarum

68 2437 205 2521 penuria
222 2437 343 2501 milites
361 2436 513 2501 fluviatili
536 2435 624 2520 pisce
646 2440 678 2501 et
700 2435 811 2500 herbis
834 2436 1085 2500 sustinebantur.

69 2526 205 2610 Iamque
227 2525 307 2590 haec
334 2525 407 2608 ipsa
430 2524 586 2588 alimenta
607 2524 805 2607 defecerant,
834 2545 906 2588 curn
930 2524 1084 2608 iumenta,
1103 2544 1136 2592 25

70 2613 189 2698 quibus
221 2633 319 2679 onera
349 2612 539 2696 portabant,
570 2613 702 2677 caedere
734 2612 816 2677 iussi
846 2615 935 2676 sunt:
966 2612 1084 2676 horum

71 2722 182 2785 carne,
211 2700 287 2766 dum
314 2701 349 2765 in
370 2698 563 2765 Bactrianos
586 2702 777 2783 peruentum
802 2704 858 2782 est,
884 2702 1011 2762 traxere
1039 2701 1085 2763 vi·
1158 2778 1163 2785 .

19 2794 151 2860 l8tam.
190 2787 382 2854 Bactrianae
403 2791 509 2852 terrae
528 2788 700 2872 multiplex
722 2791 755 2851 et
777 2787 867 2852 varia
889 2791 1005 2851 natura
1025 2793 1083 2852 est.
1102 2809 1136 2857 22

70 2877 163 2943 Alibi
181 2877 284 2941 multa
302 2878 399 2942 arbor
416 2881 450 2941 et
467 2877 544 2941 vitis
565 2876 676 2961 largos
694 2876 854 2963 mitesque
872 2874 994 2940 fructus
1015 2876 1084 2940 alit.

71 2965 186 3032 Solum
208 2966 327 3050 pingue
350 2965 454 3029 crebri
476 2965 583 3030 fontes
602 2967 724 3049 rigant:
748 2984 830 3048 quae
848 2963 981 3027 mitiora
999 2967 1084 3048 sunt,

70 3054 236 3120 frumento
260 3057 483 3136 conseruntur,
512 3057 617 3118 cetera
646 3056 865 3117 armentorum
891 3051 1012 3135 pabulo
1036 3073 1084 3117 ce·

71 3143 162 3208 dunt.
198 3141 350 3227 Magnam
375 3142 488 3206 deinde
511 3145 637 3224 partem
661 3140 804 3206 eiusdem
826 3147 933 3204 terrae
956 3141 1083 3205 steriles
1102 3161 1136 3211 27

70 3231 214 3297 harenae
231 3233 357 3295 tenent:
381 3229 530 3314 squalida
548 3230 696 3295 siccitate
713 3229 804 3314 regio
823 3249 889 3293 non
908 3227 1084 3311 hominem,

71 3341 139 3386 nou
171 3318 298 3404 frugem
326 3319 393 3385 alit.
442 3315 523 3382 Com
551 3338 626 3384 vero
657 3318 746 3383 venti
779 3339 799 3381 a
829 3316 969 3381 Pontico
1002 3317 1084 3381 mari

71 3409 214 3491 spirant,
242 3405 397 3491 quidquid
420 3407 526 3472 sabuli
547 3407 583 3470 in
605 3407 727 3490 campis
750 3407 848 3490 iacet,
876 3408 1084 3470 converrunt:

71 3495 159 3580 quod
186 3494 242 3560 ubi
270 3496 469 3560 cumulatum
499 3498 563 3579 est,
592 3516 784 3581 magnorum
811 3493 947 3559 collium
972 3492 1093 3571 procul

72 3584 196 3667 species
211 3585 260 3648 est
274 3584 448 3670 omniaque
466 3584 605 3671 pristini
618 3584 756 3652 itineris
765 3581 920 3662 uestigia
929 3573 1125 3636 masma

116 3695 211 3736 Ourtlua
223 3695 307 3739 Rufus.
933 3678 979 3725 Ὁ·
