<?xml version="1.0" encoding="UTF-8"?>
<!DOCTYPE html PUBLIC "-//W3C//DTD XHTML 1.0 Transitional//EN"
    "http://www.w3.org/TR/xhtml1/DTD/xhtml1-transitional.dtd">
<html xmlns="http://www.w3.org/1999/xhtml" xml:lang="en" lang="en">
 <head>
  <title>
</title>
<meta http-equiv="Content-Type" content="text/html;charset=utf-8" />
  <meta name='ocr-system' content='tesseract 3.04.00' />
  <meta name='ocr-capabilities' content='ocr_page ocr_carea ocr_par ocr_line ocrx_word'/>
</head>
<body>
  <div class='ocr_page' id='page_1' title='image "./incertiauctoris00heydgoog_0127.png"; bbox 0 0 2356 3846; ppageno 0'>
   <div class='ocr_carea' id='block_1_1' title="bbox 269 141 1072 210">
    <p class='ocr_par' dir='ltr' id='par_1_1' title="bbox 269 141 1072 210">
     <span class='ocr_line' id='line_1_1' title="bbox 269 141 1072 210; baseline 0.001 -12"><span class='ocrx_word' id='word_1_1' title='bbox 269 141 524 198; x_wconf 81' lang='lat' dir='ltr'><strong>HISTORIARUM</strong></span> <span class='ocrx_word' id='word_1_2' title='bbox 541 142 757 197; x_wconf 82' lang='lat' dir='ltr'><strong>ALEXANDRI</strong></span> <span class='ocrx_word' id='word_1_3' title='bbox 775 143 814 210; x_wconf 91' lang='lat' dir='ltr'><strong>V,</strong></span> <span class='ocrx_word' id='word_1_4' title='bbox 833 149 857 199; x_wconf 81' lang='grc' dir='ltr'><strong>ὅ.</strong></span> <span class='ocrx_word' id='word_1_5' title='bbox 1028 144 1072 207; x_wconf 82' lang='lat'><strong>95</strong></span> 
     </span>
    </p>
   </div>
   <div class='ocr_carea' id='block_1_2' title="bbox 11 286 1124 3538">
    <p class='ocr_par' dir='ltr' id='par_1_2' title="bbox 11 286 1124 3538">
     <span class='ocr_line' id='line_1_2' title="bbox 58 286 1071 372; baseline 0.001 -19"><span class='ocrx_word' id='word_1_6' title='bbox 58 288 114 372; x_wconf 91' lang='lat' dir='ltr'><strong>qui</strong></span> <span class='ocrx_word' id='word_1_7' title='bbox 138 288 349 371; x_wconf 86' lang='lat' dir='ltr'><strong>abscondunt,</strong></span> <span class='ocrx_word' id='word_1_8' title='bbox 372 307 432 351; x_wconf 90' lang='lat' dir='ltr'><strong>nec</strong></span> <span class='ocrx_word' id='word_1_9' title='bbox 454 286 521 350; x_wconf 89' lang='lat' dir='ltr'><strong>ulla</strong></span> <span class='ocrx_word' id='word_1_10' title='bbox 542 288 611 350; x_wconf 90' lang='lat' dir='ltr'><strong>tam</strong></span> <span class='ocrx_word' id='word_1_11' title='bbox 634 286 805 351; x_wconf 89' lang='lat' dir='ltr'><strong>familiaris</strong></span> <span class='ocrx_word' id='word_1_12' title='bbox 820 291 870 351; x_wconf 91' lang='lat' dir='ltr'><strong>est</strong></span> <span class='ocrx_word' id='word_1_13' title='bbox 885 288 1071 354; x_wconf 83' lang='lat' dir='ltr'><strong>infelicibus</strong></span> 
     </span>
     <span class='ocr_line' id='line_1_3' title="bbox 57 375 1072 461; baseline 0.002 -21"><span class='ocrx_word' id='word_1_14' title='bbox 57 378 178 460; x_wconf 85' lang='lat' dir='ltr'><strong>patria,</strong></span> <span class='ocrx_word' id='word_1_15' title='bbox 210 398 307 461; x_wconf 90' lang='lat' dir='ltr'><strong>quam</strong></span> <span class='ocrx_word' id='word_1_16' title='bbox 330 375 469 440; x_wconf 91' lang='lat' dir='ltr'><strong>solitudo</strong></span> <span class='ocrx_word' id='word_1_17' title='bbox 492 378 526 438; x_wconf 91' lang='lat' dir='ltr'><strong>et</strong></span> <span class='ocrx_word' id='word_1_18' title='bbox 548 377 652 439; x_wconf 89' lang='lat' dir='ltr'><strong>status</strong></span> <span class='ocrx_word' id='word_1_19' title='bbox 674 375 789 457; x_wconf 91' lang='lat' dir='ltr'><strong>prioris</strong></span> <span class='ocrx_word' id='word_1_20' title='bbox 813 376 942 442; x_wconf 83' lang='lat' dir='ltr'><strong>oblivio.</strong></span> <span class='ocrx_word' id='word_1_21' title='bbox 985 376 1072 442; x_wconf 91' lang='lat' dir='ltr'><strong>Nam</strong></span> 
     </span>
     <span class='ocr_line' id='line_1_4' title="bbox 58 461 1072 550; baseline 0 -21"><span class='ocrx_word' id='word_1_22' title='bbox 58 465 114 548; x_wconf 89' lang='lat' dir='ltr'><strong>qui</strong></span> <span class='ocrx_word' id='word_1_23' title='bbox 136 464 275 529; x_wconf 91' lang='lat' dir='ltr'><strong>multum</strong></span> <span class='ocrx_word' id='word_1_24' title='bbox 296 464 331 526; x_wconf 88' lang='lat' dir='ltr'><strong>in</strong></span> <span class='ocrx_word' id='word_1_25' title='bbox 354 484 485 527; x_wconf 90' lang='lat' dir='ltr'><strong>suorum</strong></span> <span class='ocrx_word' id='word_1_26' title='bbox 507 461 723 526; x_wconf 83' lang='lat' dir='ltr'><strong>misericordia</strong></span> <span class='ocrx_word' id='word_1_27' title='bbox 745 469 886 549; x_wconf 82' lang='lat' dir='ltr'><strong>ponunt,</strong></span> <span class='ocrx_word' id='word_1_28' title='bbox 909 466 1072 550; x_wconf 83' lang='lat' dir='ltr'><strong>ignorant,</strong></span> 
     </span>
     <span class='ocr_line' id='line_1_5' title="bbox 58 549 1124 636; baseline 0.005 -19"><span class='ocrx_word' id='word_1_29' title='bbox 58 574 156 636; x_wconf 91' lang='lat' dir='ltr'><strong>quam</strong></span> <span class='ocrx_word' id='word_1_30' title='bbox 180 552 324 616; x_wconf 81' lang='lat' dir='ltr'><strong>celeriter</strong></span> <span class='ocrx_word' id='word_1_31' title='bbox 346 551 496 615; x_wconf 82' lang='lat' dir='ltr'><strong>lacrimae</strong></span> <span class='ocrx_word' id='word_1_32' title='bbox 519 550 709 615; x_wconf 90' lang='lat' dir='ltr'><strong>inarescant.</strong></span> <span class='ocrx_word' id='word_1_33' title='bbox 744 549 849 617; x_wconf 89' lang='lat' dir='ltr'><strong>Nemo</strong></span> <span class='ocrx_word' id='word_1_34' title='bbox 869 553 1006 618; x_wconf 89' lang='lat' dir='ltr'><strong>fideliter</strong></span> <span class='ocrx_word' id='word_1_35' title='bbox 1025 555 1070 618; x_wconf 91' lang='lat' dir='ltr'><strong>di·</strong></span> <span class='ocrx_word' id='word_1_36' title='bbox 1091 575 1124 623; x_wconf 81' lang='lat'><strong>12</strong></span> 
     </span>
     <span class='ocr_line' id='line_1_6' title="bbox 57 639 1072 725; baseline 0.001 -20"><span class='ocrx_word' id='word_1_37' title='bbox 57 641 145 725; x_wconf 86' lang='lat' dir='ltr'><strong>ligit,</strong></span> <span class='ocrx_word' id='word_1_38' title='bbox 172 662 268 723; x_wconf 89' lang='lat' dir='ltr'><strong>quem</strong></span> <span class='ocrx_word' id='word_1_39' title='bbox 294 639 431 703; x_wconf 89' lang='lat' dir='ltr'><strong>fastidit:</strong></span> <span class='ocrx_word' id='word_1_40' title='bbox 463 660 540 702; x_wconf 89' lang='lat' dir='ltr'><strong>nam</strong></span> <span class='ocrx_word' id='word_1_41' title='bbox 567 641 600 702; x_wconf 89' lang='lat' dir='ltr'><strong>et</strong></span> <span class='ocrx_word' id='word_1_42' title='bbox 623 639 788 703; x_wconf 88' lang='lat' dir='ltr'><strong>calamitas</strong></span> <span class='ocrx_word' id='word_1_43' title='bbox 811 643 945 724; x_wconf 89' lang='lat' dir='ltr'><strong>querula</strong></span> <span class='ocrx_word' id='word_1_44' title='bbox 967 645 1017 706; x_wconf 90' lang='lat' dir='ltr'><strong>est</strong></span> <span class='ocrx_word' id='word_1_45' title='bbox 1039 647 1072 706; x_wconf 89' lang='lat' dir='ltr'><strong>et</strong></span> 
     </span>
     <span class='ocr_line' id='line_1_7' title="bbox 58 726 1070 811; baseline 0.003 -19"><span class='ocrx_word' id='word_1_46' title='bbox 58 729 198 811; x_wconf 89' lang='lat' dir='ltr'><strong>superba</strong></span> <span class='ocrx_word' id='word_1_47' title='bbox 219 727 368 792; x_wconf 75' lang='lat' dir='ltr'><strong>felicitas.</strong></span> <span class='ocrx_word' id='word_1_48' title='bbox 403 726 455 790; x_wconf 91' lang='lat' dir='ltr'><strong>Ita</strong></span> <span class='ocrx_word' id='word_1_49' title='bbox 478 747 571 791; x_wconf 90' lang='lat' dir='ltr'><strong>suam</strong></span> <span class='ocrx_word' id='word_1_50' title='bbox 593 727 727 810; x_wconf 90' lang='lat' dir='ltr'><strong>quisque</strong></span> <span class='ocrx_word' id='word_1_51' title='bbox 750 728 916 793; x_wconf 89' lang='lat' dir='ltr'><strong>fortunam</strong></span> <span class='ocrx_word' id='word_1_52' title='bbox 939 730 973 793; x_wconf 92' lang='lat' dir='ltr'><strong>in</strong></span> <span class='ocrx_word' id='word_1_53' title='bbox 996 752 1070 795; x_wconf 87' lang='lat' dir='ltr'><strong>con·</strong></span> 
     </span>
     <span class='ocr_line' id='line_1_8' title="bbox 58 813 1071 899; baseline 0.004 -19"><span class='ocrx_word' id='word_1_54' title='bbox 58 817 130 880; x_wconf 90' lang='lat' dir='ltr'><strong>silio</strong></span> <span class='ocrx_word' id='word_1_55' title='bbox 153 816 265 899; x_wconf 89' lang='lat' dir='ltr'><strong>habet,</strong></span> <span class='ocrx_word' id='word_1_56' title='bbox 288 837 361 880; x_wconf 90' lang='lat' dir='ltr'><strong>cum</strong></span> <span class='ocrx_word' id='word_1_57' title='bbox 384 814 423 878; x_wconf 90' lang='lat' dir='ltr'><strong>de</strong></span> <span class='ocrx_word' id='word_1_58' title='bbox 446 814 552 878; x_wconf 90' lang='lat' dir='ltr'><strong>aliena</strong></span> <span class='ocrx_word' id='word_1_59' title='bbox 574 814 739 879; x_wconf 88' lang='lat' dir='ltr'><strong>deliberat.</strong></span> <span class='ocrx_word' id='word_1_60' title='bbox 781 813 853 880; x_wconf 90' lang='lat' dir='ltr'><strong>Nisi</strong></span> <span class='ocrx_word' id='word_1_61' title='bbox 876 820 988 882; x_wconf 92' lang='lat' dir='ltr'><strong>mutuo</strong></span> <span class='ocrx_word' id='word_1_62' title='bbox 1012 820 1071 884; x_wconf 90' lang='lat' dir='ltr'><strong>mi·</strong></span> 
     </span>
     <span class='ocr_line' id='line_1_9' title="bbox 58 901 1070 988; baseline 0.001 -20"><span class='ocrx_word' id='word_1_63' title='bbox 58 904 120 968; x_wconf 90' lang='lat' dir='ltr'><strong>seri</strong></span> <span class='ocrx_word' id='word_1_64' title='bbox 144 925 296 988; x_wconf 85' lang='lat' dir='ltr'><strong>essemus,</strong></span> <span class='ocrx_word' id='word_1_65' title='bbox 319 902 396 968; x_wconf 90' lang='lat' dir='ltr'><strong>olim</strong></span> <span class='ocrx_word' id='word_1_66' title='bbox 419 901 501 966; x_wconf 87' lang='lat' dir='ltr'><strong>alius</strong></span> <span class='ocrx_word' id='word_1_67' title='bbox 525 902 579 966; x_wconf 91' lang='lat' dir='ltr'><strong>alii</strong></span> <span class='ocrx_word' id='word_1_68' title='bbox 598 903 815 985; x_wconf 90' lang='lat' dir='ltr'><strong>potuissemus</strong></span> <span class='ocrx_word' id='word_1_69' title='bbox 834 925 904 968; x_wconf 89' lang='lat' dir='ltr'><strong>esse</strong></span> <span class='ocrx_word' id='word_1_70' title='bbox 923 905 1070 971; x_wconf 89' lang='lat' dir='ltr'><strong>fastidio:</strong></span> 
     </span>
     <span class='ocr_line' id='line_1_10' title="bbox 57 991 1070 1076; baseline 0.002 -20"><span class='ocrx_word' id='word_1_71' title='bbox 57 992 135 1076; x_wconf 91' lang='lat' dir='ltr'><strong>quid</strong></span> <span class='ocrx_word' id='word_1_72' title='bbox 167 992 284 1056; x_wconf 90' lang='lat' dir='ltr'><strong>mirum</strong></span> <span class='ocrx_word' id='word_1_73' title='bbox 316 994 365 1055; x_wconf 89' lang='lat' dir='ltr'><strong>est</strong></span> <span class='ocrx_word' id='word_1_74' title='bbox 395 991 578 1054; x_wconf 86' lang='lat' dir='ltr'><strong>fortunatos</strong></span> <span class='ocrx_word' id='word_1_75' title='bbox 607 1011 731 1074; x_wconf 89' lang='lat' dir='ltr'><strong>semper</strong></span> <span class='ocrx_word' id='word_1_76' title='bbox 758 1013 868 1075; x_wconf 90' lang='lat' dir='ltr'><strong>parem</strong></span> <span class='ocrx_word' id='word_1_77' title='bbox 896 994 1070 1076; x_wconf 84' lang='lat' dir='ltr'><strong>quaerere?</strong></span> 
     </span>
     <span class='ocr_line' id='line_1_11' title="bbox 58 1076 1122 1166; baseline 0.005 -22"><span class='ocrx_word' id='word_1_78' title='bbox 58 1079 199 1145; x_wconf 87' lang='lat' dir='ltr'><strong>Obsecro</strong></span> <span class='ocrx_word' id='word_1_79' title='bbox 222 1102 294 1163; x_wconf 85' lang='lat' dir='ltr'><strong>vos,</strong></span> <span class='ocrx_word' id='word_1_80' title='bbox 321 1079 398 1143; x_wconf 90' lang='lat' dir='ltr'><strong>olim</strong></span> <span class='ocrx_word' id='word_1_81' title='bbox 420 1078 488 1142; x_wconf 81' lang='lat' dir='ltr'><strong>vita</strong></span> <span class='ocrx_word' id='word_1_82' title='bbox 510 1076 653 1142; x_wconf 82' lang='lat' dir='ltr'><strong>defuncti</strong></span> <span class='ocrx_word' id='word_1_83' title='bbox 675 1100 866 1161; x_wconf 84' lang='lat' dir='ltr'><strong>quaeramus</strong></span> <span class='ocrx_word' id='word_1_84' title='bbox 889 1082 1010 1166; x_wconf 87' lang='lat' dir='ltr'><strong>locum,</strong></span> <span class='ocrx_word' id='word_1_85' title='bbox 1034 1082 1069 1146; x_wconf 91' lang='lat' dir='ltr'><strong>in</strong></span> <span class='ocrx_word' id='word_1_86' title='bbox 1090 1101 1122 1149; x_wconf 87' lang='lat'><strong>13</strong></span> 
     </span>
     <span class='ocr_line' id='line_1_12' title="bbox 58 1164 1070 1254; baseline 0.002 -22"><span class='ocrx_word' id='word_1_87' title='bbox 58 1191 121 1252; x_wconf 94' lang='lat' dir='ltr'><strong>quo</strong></span> <span class='ocrx_word' id='word_1_88' title='bbox 145 1168 225 1232; x_wconf 89' lang='lat' dir='ltr'><strong>haec</strong></span> <span class='ocrx_word' id='word_1_89' title='bbox 248 1189 372 1231; x_wconf 91' lang='lat' dir='ltr'><strong>semesa</strong></span> <span class='ocrx_word' id='word_1_90' title='bbox 390 1167 573 1231; x_wconf 88' lang='lat' dir='ltr'><strong>obruamus.</strong></span> <span class='ocrx_word' id='word_1_91' title='bbox 608 1164 702 1230; x_wconf 85' lang='lat' dir='ltr'><strong>Grati</strong></span> <span class='ocrx_word' id='word_1_92' title='bbox 720 1189 852 1251; x_wconf 91' lang='lat' dir='ltr'><strong>prorsus</strong></span> <span class='ocrx_word' id='word_1_93' title='bbox 870 1169 1070 1254; x_wconf 84' lang='lat' dir='ltr'><strong>coniugibus,</strong></span> 
     </span>
     <span class='ocr_line' id='line_1_13' title="bbox 57 1254 1071 1339; baseline 0.001 -19"><span class='ocrx_word' id='word_1_94' title='bbox 57 1278 138 1339; x_wconf 90' lang='lat' dir='ltr'><strong>quas</strong></span> <span class='ocrx_word' id='word_1_95' title='bbox 161 1257 292 1321; x_wconf 86' lang='lat' dir='ltr'><strong>iuvenes</strong></span> <span class='ocrx_word' id='word_1_96' title='bbox 315 1255 477 1339; x_wconf 87' lang='lat' dir='ltr'><strong>duximus,</strong></span> <span class='ocrx_word' id='word_1_97' title='bbox 499 1256 707 1319; x_wconf 84' lang='lat' dir='ltr'><strong>revertemur!</strong></span> <span class='ocrx_word' id='word_1_98' title='bbox 750 1254 856 1319; x_wconf 87' lang='lat' dir='ltr'><strong>Liberi</strong></span> <span class='ocrx_word' id='word_1_99' title='bbox 879 1258 913 1320; x_wconf 94' lang='lat' dir='ltr'><strong>in</strong></span> <span class='ocrx_word' id='word_1_100' title='bbox 936 1256 1013 1321; x_wconf 90' lang='lat' dir='ltr'><strong>flore</strong></span> <span class='ocrx_word' id='word_1_101' title='bbox 1037 1262 1071 1322; x_wconf 90' lang='lat' dir='ltr'><strong>et</strong></span> 
     </span>
     <span class='ocr_line' id='line_1_14' title="bbox 57 1332 1069 1429; baseline 0 -20"><span class='ocrx_word' id='word_1_102' title='bbox 57 1345 174 1409; x_wconf 90' lang='lat' dir='ltr'><strong>aetatis</strong></span> <span class='ocrx_word' id='word_1_103' title='bbox 211 1347 244 1407; x_wconf 91' lang='lat' dir='ltr'><strong>et</strong></span> <span class='ocrx_word' id='word_1_104' title='bbox 275 1365 381 1407; x_wconf 91' lang='lat' dir='ltr'><strong>rerum</strong></span> <span class='ocrx_word' id='word_1_105' title='bbox 413 1343 613 1426; x_wconf 83' lang='lat' dir='ltr'><strong>adgnoscent</strong></span> <span class='ocrx_word' id='word_1_106' title='bbox 642 1346 751 1425; x_wconf 90' lang='lat' dir='ltr'><strong>patres</strong></span> <span class='ocrx_word' id='word_1_107' title='bbox 784 1345 939 1429; x_wconf 82' lang='lat' dir='ltr'><strong>ergastuli</strong></span> <span class='ocrx_word' id='word_1_108' title='bbox 972 1332 1069 1409; x_wconf 76' lang='lat' dir='ltr'><strong>detri-</strong></span> 
     </span>
     <span class='ocr_line' id='line_1_15' title="bbox 56 1430 1123 1516; baseline 0.003 -20"><span class='ocrx_word' id='word_1_109' title='bbox 56 1433 181 1496; x_wconf 87' lang='lat' dir='ltr'><strong>menta!</strong></span> <span class='ocrx_word' id='word_1_110' title='bbox 213 1431 259 1495; x_wconf 82' lang='lat' dir='ltr'><strong>Et</strong></span> <span class='ocrx_word' id='word_1_111' title='bbox 282 1434 381 1515; x_wconf 91' lang='lat' dir='ltr'><strong>quota</strong></span> <span class='ocrx_word' id='word_1_112' title='bbox 403 1453 478 1514; x_wconf 89' lang='lat' dir='ltr'><strong>pars</strong></span> <span class='ocrx_word' id='word_1_113' title='bbox 501 1430 605 1494; x_wconf 89' lang='lat' dir='ltr'><strong>nostri</strong></span> <span class='ocrx_word' id='word_1_114' title='bbox 628 1433 679 1495; x_wconf 85' lang='lat' dir='ltr'><strong>tot</strong></span> <span class='ocrx_word' id='word_1_115' title='bbox 702 1431 791 1496; x_wconf 89' lang='lat' dir='ltr'><strong>obire</strong></span> <span class='ocrx_word' id='word_1_116' title='bbox 813 1436 917 1503; x_wconf 86' lang='lat' dir='ltr'><strong>terras</strong></span> <span class='ocrx_word' id='word_1_117' title='bbox 938 1433 1068 1516; x_wconf 84' lang='lat' dir='ltr'><strong>potest?</strong></span> <span class='ocrx_word' id='word_1_118' title='bbox 1089 1452 1123 1500; x_wconf 79' lang='lat'><strong>14</strong></span> 
     </span>
     <span class='ocr_line' id='line_1_16' title="bbox 55 1517 1068 1604; baseline 0.001 -21"><span class='ocrx_word' id='word_1_119' title='bbox 55 1519 175 1585; x_wconf 89' lang='lat' dir='ltr'><strong>Procul</strong></span> <span class='ocrx_word' id='word_1_120' title='bbox 197 1519 330 1602; x_wconf 82' lang='lat' dir='ltr'><strong>Europa</strong></span> <span class='ocrx_word' id='word_1_121' title='bbox 352 1519 387 1582; x_wconf 93' lang='lat' dir='ltr'><strong>in</strong></span> <span class='ocrx_word' id='word_1_122' title='bbox 409 1519 523 1587; x_wconf 90' lang='lat' dir='ltr'><strong>ultima</strong></span> <span class='ocrx_word' id='word_1_123' title='bbox 547 1517 686 1583; x_wconf 88' lang='lat' dir='ltr'><strong>Orientis</strong></span> <span class='ocrx_word' id='word_1_124' title='bbox 708 1520 856 1604; x_wconf 89' lang='lat' dir='ltr'><strong>relegati,</strong></span> <span class='ocrx_word' id='word_1_125' title='bbox 887 1541 993 1604; x_wconf 88' lang='lat' dir='ltr'><strong>senes,</strong></span> <span class='ocrx_word' id='word_1_126' title='bbox 1016 1520 1068 1585; x_wconf 92' lang='lat' dir='ltr'><strong>de·</strong></span> 
     </span>
     <span class='ocr_line' id='line_1_17' title="bbox 55 1607 1069 1690; baseline 0 -18"><span class='ocrx_word' id='word_1_127' title='bbox 55 1608 152 1690; x_wconf 89' lang='lat' dir='ltr'><strong>biles,</strong></span> <span class='ocrx_word' id='word_1_128' title='bbox 183 1608 304 1672; x_wconf 91' lang='lat' dir='ltr'><strong>maiore</strong></span> <span class='ocrx_word' id='word_1_129' title='bbox 336 1607 552 1671; x_wconf 90' lang='lat' dir='ltr'><strong>membrorum</strong></span> <span class='ocrx_word' id='word_1_130' title='bbox 581 1610 673 1689; x_wconf 89' lang='lat' dir='ltr'><strong>parte</strong></span> <span class='ocrx_word' id='word_1_131' title='bbox 700 1607 832 1671; x_wconf 87' lang='lat' dir='ltr'><strong>mulcati</strong></span> <span class='ocrx_word' id='word_1_132' title='bbox 858 1609 1069 1673; x_wconf 86' lang='lat' dir='ltr'><strong>tolerabimus</strong></span> 
     </span>
     <span class='ocr_line' id='line_1_18' title="bbox 56 1693 1122 1780; baseline 0.002 -20"><span class='ocrx_word' id='word_1_133' title='bbox 56 1695 189 1778; x_wconf 86' lang='lat' dir='ltr'><strong>scilicet,</strong></span> <span class='ocrx_word' id='word_1_134' title='bbox 212 1717 293 1780; x_wconf 90' lang='lat' dir='ltr'><strong>quae</strong></span> <span class='ocrx_word' id='word_1_135' title='bbox 317 1698 458 1759; x_wconf 90' lang='lat' dir='ltr'><strong>armatos</strong></span> <span class='ocrx_word' id='word_1_136' title='bbox 477 1698 510 1758; x_wconf 89' lang='lat' dir='ltr'><strong>et</strong></span> <span class='ocrx_word' id='word_1_137' title='bbox 526 1695 663 1758; x_wconf 80' lang='lat' dir='ltr'><strong>victores</strong></span> <span class='ocrx_word' id='word_1_138' title='bbox 681 1693 870 1779; x_wconf 84' lang='lat' dir='ltr'><strong>fatigarunt.</strong></span> <span class='ocrx_word' id='word_1_139' title='bbox 906 1693 1068 1780; x_wconf 75' lang='lat' dir='ltr'><strong>Coniuges</strong></span> <span class='ocrx_word' id='word_1_140' title='bbox 1089 1713 1122 1763; x_wconf 83' lang='lat'><strong>15</strong></span> 
     </span>
     <span class='ocr_line' id='line_1_19' title="bbox 56 1781 1068 1866; baseline 0.001 -20"><span class='ocrx_word' id='word_1_141' title='bbox 56 1782 185 1866; x_wconf 89' lang='lat' dir='ltr'><strong>deinde,</strong></span> <span class='ocrx_word' id='word_1_142' title='bbox 217 1805 296 1866; x_wconf 88' lang='lat' dir='ltr'><strong>quas</strong></span> <span class='ocrx_word' id='word_1_143' title='bbox 329 1783 430 1865; x_wconf 91' lang='lat' dir='ltr'><strong>captis</strong></span> <span class='ocrx_word' id='word_1_144' title='bbox 462 1781 529 1846; x_wconf 88' lang='lat' dir='ltr'><strong>fors</strong></span> <span class='ocrx_word' id='word_1_145' title='bbox 561 1785 594 1845; x_wconf 91' lang='lat' dir='ltr'><strong>et</strong></span> <span class='ocrx_word' id='word_1_146' title='bbox 623 1783 800 1846; x_wconf 85' lang='lat' dir='ltr'><strong>necessitas</strong></span> <span class='ocrx_word' id='word_1_147' title='bbox 827 1783 958 1847; x_wconf 89' lang='lat' dir='ltr'><strong>unicum</strong></span> <span class='ocrx_word' id='word_1_148' title='bbox 986 1785 1068 1848; x_wconf 91' lang='lat' dir='ltr'><strong>sola-</strong></span> 
     </span>
     <span class='ocr_line' id='line_1_20' title="bbox 56 1869 1069 1957; baseline 0.001 -23"><span class='ocrx_word' id='word_1_149' title='bbox 56 1871 143 1935; x_wconf 91' lang='lat' dir='ltr'><strong>cium</strong></span> <span class='ocrx_word' id='word_1_150' title='bbox 170 1871 337 1955; x_wconf 87' lang='lat' dir='ltr'><strong>adplicuit,</strong></span> <span class='ocrx_word' id='word_1_151' title='bbox 369 1891 549 1957; x_wconf 71' lang='lat' dir='ltr'><strong>parvosque</strong></span> <span class='ocrx_word' id='word_1_152' title='bbox 576 1870 694 1934; x_wconf 88' lang='lat' dir='ltr'><strong>liberos</strong></span> <span class='ocrx_word' id='word_1_153' title='bbox 717 1869 876 1935; x_wconf 89' lang='lat' dir='ltr'><strong>trahimus</strong></span> <span class='ocrx_word' id='word_1_154' title='bbox 899 1871 1069 1936; x_wconf 91' lang='lat' dir='ltr'><strong>nobiscum</strong></span> 
     </span>
     <span class='ocr_line' id='line_1_21' title="bbox 55 1956 1122 2042; baseline 0.002 -19"><span class='ocrx_word' id='word_1_155' title='bbox 55 1980 100 2023; x_wconf 91' lang='lat' dir='ltr'><strong>an</strong></span> <span class='ocrx_word' id='word_1_156' title='bbox 122 1958 354 2042; x_wconf 84' lang='lat' dir='ltr'><strong>relinquimus?</strong></span> <span class='ocrx_word' id='word_1_157' title='bbox 390 1956 471 2022; x_wconf 80' lang='lat' dir='ltr'><strong>Cum</strong></span> <span class='ocrx_word' id='word_1_158' title='bbox 492 1958 544 2022; x_wconf 88' lang='lat' dir='ltr'><strong>his</strong></span> <span class='ocrx_word' id='word_1_159' title='bbox 566 1957 732 2022; x_wconf 82' lang='lat' dir='ltr'><strong>venientes</strong></span> <span class='ocrx_word' id='word_1_160' title='bbox 754 1980 849 2023; x_wconf 91' lang='lat' dir='ltr'><strong>nemo</strong></span> <span class='ocrx_word' id='word_1_161' title='bbox 873 1959 1068 2042; x_wconf 79' lang='lat' dir='ltr'><strong>adgnoscere</strong></span> <span class='ocrx_word' id='word_1_162' title='bbox 1089 1977 1122 2027; x_wconf 81' lang='lat'><strong>16</strong></span> 
     </span>
     <span class='ocr_line' id='line_1_22' title="bbox 55 2046 1069 2132; baseline 0 -21"><span class='ocrx_word' id='word_1_163' title='bbox 55 2047 157 2111; x_wconf 83' lang='lat' dir='ltr'><strong>volet:</strong></span> <span class='ocrx_word' id='word_1_164' title='bbox 194 2046 411 2130; x_wconf 88' lang='lat' dir='ltr'><strong>relinquemus</strong></span> <span class='ocrx_word' id='word_1_165' title='bbox 435 2065 512 2129; x_wconf 92' lang='lat' dir='ltr'><strong>ergo</strong></span> <span class='ocrx_word' id='word_1_166' title='bbox 535 2047 694 2128; x_wconf 83' lang='lat' dir='ltr'><strong>extemplo</strong></span> <span class='ocrx_word' id='word_1_167' title='bbox 716 2047 899 2130; x_wconf 89' lang='lat' dir='ltr'><strong>praesentia</strong></span> <span class='ocrx_word' id='word_1_168' title='bbox 920 2046 1069 2132; x_wconf 87' lang='lat' dir='ltr'><strong>pignora,</strong></span> 
     </span>
     <span class='ocr_line' id='line_1_23' title="bbox 55 2133 1067 2218; baseline 0 -19"><span class='ocrx_word' id='word_1_169' title='bbox 55 2157 130 2199; x_wconf 93' lang='lat' dir='ltr'><strong>cum</strong></span> <span class='ocrx_word' id='word_1_170' title='bbox 152 2135 312 2199; x_wconf 86' lang='lat' dir='ltr'><strong>incertum</strong></span> <span class='ocrx_word' id='word_1_171' title='bbox 335 2134 385 2217; x_wconf 83' lang='lat' dir='ltr'><strong>sit,</strong></span> <span class='ocrx_word' id='word_1_172' title='bbox 408 2155 451 2197; x_wconf 92' lang='lat' dir='ltr'><strong>an</strong></span> <span class='ocrx_word' id='word_1_173' title='bbox 473 2133 571 2198; x_wconf 85' lang='lat' dir='ltr'><strong>visuri</strong></span> <span class='ocrx_word' id='word_1_174' title='bbox 595 2133 694 2199; x_wconf 90' lang='lat' dir='ltr'><strong>simus</strong></span> <span class='ocrx_word' id='word_1_175' title='bbox 716 2134 782 2218; x_wconf 85' lang='lat' dir='ltr'><strong>illa,</strong></span> <span class='ocrx_word' id='word_1_176' title='bbox 804 2156 885 2218; x_wconf 93' lang='lat' dir='ltr'><strong>quae</strong></span> <span class='ocrx_word' id='word_1_177' title='bbox 905 2135 1067 2218; x_wconf 90' lang='lat' dir='ltr'><strong>petimus?</strong></span> 
     </span>
     <span class='ocr_line' id='line_1_24' title="bbox 55 2221 1068 2306; baseline 0 -20"><span class='ocrx_word' id='word_1_178' title='bbox 55 2222 148 2287; x_wconf 88' lang='lat' dir='ltr'><strong>Inter</strong></span> <span class='ocrx_word' id='word_1_179' title='bbox 170 2222 230 2287; x_wconf 92' lang='lat' dir='ltr'><strong>hos</strong></span> <span class='ocrx_word' id='word_1_180' title='bbox 252 2222 418 2287; x_wconf 88' lang='lat' dir='ltr'><strong>latendum</strong></span> <span class='ocrx_word' id='word_1_181' title='bbox 441 2225 499 2305; x_wconf 85' lang='lat' dir='ltr'><strong>est,</strong></span> <span class='ocrx_word' id='word_1_182' title='bbox 522 2221 576 2304; x_wconf 92' lang='lat' dir='ltr'><strong>qui</strong></span> <span class='ocrx_word' id='word_1_183' title='bbox 598 2243 659 2287; x_wconf 92' lang='lat' dir='ltr'><strong>nos</strong></span> <span class='ocrx_word' id='word_1_184' title='bbox 682 2223 815 2287; x_wconf 91' lang='lat' dir='ltr'><strong>miseros</strong></span> <span class='ocrx_word' id='word_1_185' title='bbox 838 2244 933 2287; x_wconf 90' lang='lat' dir='ltr'><strong>nosse</strong></span> <span class='ocrx_word' id='word_1_186' title='bbox 957 2245 1068 2306; x_wconf 90' lang='lat' dir='ltr'><strong>coepe-</strong></span> 
     </span>
     <span class='ocr_line' id='line_1_25' title="bbox 11 2307 1121 2378; baseline 0.002 -3"><span class='ocrx_word' id='word_1_187' title='bbox 11 2312 44 2376; x_wconf 79' lang='grc'><strong>,9</strong></span> <span class='ocrx_word' id='word_1_188' title='bbox 55 2309 154 2375; x_wconf 92' lang='lat' dir='ltr'><strong>runt.&#39;</strong></span> <span class='ocrx_word' id='word_1_189' title='bbox 190 2308 281 2375; x_wconf 90' lang='lat' dir='ltr'><strong>Haec</strong></span> <span class='ocrx_word' id='word_1_190' title='bbox 293 2309 483 2374; x_wconf 82' lang='lat' dir='ltr'><strong>Euctemon.</strong></span> <span class='ocrx_word' id='word_1_191' title='bbox 517 2307 640 2374; x_wconf 80' lang='lat' dir='ltr'><strong>Contra</strong></span> <span class='ocrx_word' id='word_1_192' title='bbox 654 2309 846 2375; x_wconf 86' lang='lat' dir='ltr'><strong>Theaetetus</strong></span> <span class='ocrx_word' id='word_1_193' title='bbox 860 2310 1069 2376; x_wconf 86' lang='lat' dir='ltr'><strong>Atheniensis</strong></span> <span class='ocrx_word' id='word_1_194' title='bbox 1088 2328 1121 2378; x_wconf 79' lang='lat'><strong>1&#39;1</strong></span> 
     </span>
     <span class='ocr_line' id='line_1_26' title="bbox 56 2395 1068 2482; baseline 0.001 -19"><span class='ocrx_word' id='word_1_195' title='bbox 56 2421 149 2464; x_wconf 90' lang='lat' dir='ltr'><strong>orsus</strong></span> <span class='ocrx_word' id='word_1_196' title='bbox 174 2401 224 2462; x_wconf 92' lang='lat' dir='ltr'><strong>est</strong></span> <span class='ocrx_word' id='word_1_197' title='bbox 246 2398 362 2461; x_wconf 89' lang='lat' dir='ltr'><strong>dicere:</strong></span> <span class='ocrx_word' id='word_1_198' title='bbox 384 2395 555 2460; x_wconf 90' lang='lat' dir='ltr'><strong>Neminem</strong></span> <span class='ocrx_word' id='word_1_199' title='bbox 577 2397 666 2480; x_wconf 92' lang='lat' dir='ltr'><strong>pium</strong></span> <span class='ocrx_word' id='word_1_200' title='bbox 688 2397 802 2462; x_wconf 90' lang='lat' dir='ltr'><strong>habitu</strong></span> <span class='ocrx_word' id='word_1_201' title='bbox 825 2399 968 2482; x_wconf 89' lang='lat' dir='ltr'><strong>corporis</strong></span> <span class='ocrx_word' id='word_1_202' title='bbox 991 2421 1068 2464; x_wconf 92' lang='lat' dir='ltr'><strong>suos</strong></span> 
     </span>
     <span class='ocr_line' id='line_1_27' title="bbox 56 2485 1069 2568; baseline 0 -17"><span class='ocrx_word' id='word_1_203' title='bbox 56 2487 311 2568; x_wconf 81' lang='lat' dir='ltr'><strong>aestimaturum,</strong></span> <span class='ocrx_word' id='word_1_204' title='bbox 333 2485 443 2568; x_wconf 92' lang='lat' dir='ltr'><strong>utique</strong></span> <span class='ocrx_word' id='word_1_205' title='bbox 467 2485 601 2548; x_wconf 87' lang='lat' dir='ltr'><strong>saevitia</strong></span> <span class='ocrx_word' id='word_1_206' title='bbox 623 2485 735 2568; x_wconf 82' lang='lat' dir='ltr'><strong>hostis,</strong></span> <span class='ocrx_word' id='word_1_207' title='bbox 757 2508 825 2550; x_wconf 91' lang='lat' dir='ltr'><strong>non</strong></span> <span class='ocrx_word' id='word_1_208' title='bbox 846 2491 962 2551; x_wconf 90' lang='lat' dir='ltr'><strong>natura</strong></span> <span class='ocrx_word' id='word_1_209' title='bbox 985 2488 1069 2551; x_wconf 92' lang='lat' dir='ltr'><strong>cala·</strong></span> 
     </span>
     <span class='ocr_line' id='line_1_28' title="bbox 55 2572 1069 2659; baseline 0.002 -21"><span class='ocrx_word' id='word_1_210' title='bbox 55 2575 201 2659; x_wconf 76' lang='lat' dir='ltr'><strong>mitosos</strong></span> <span class='ocrx_word' id='word_1_211' title='bbox 253 2572 397 2657; x_wconf 87' lang='lat' dir='ltr'><strong>Dignum</strong></span> <span class='ocrx_word' id='word_1_212' title='bbox 429 2594 497 2637; x_wconf 91' lang='lat' dir='ltr'><strong>esse</strong></span> <span class='ocrx_word' id='word_1_213' title='bbox 530 2573 618 2636; x_wconf 90' lang='lat' dir='ltr'><strong>omni</strong></span> <span class='ocrx_word' id='word_1_214' title='bbox 649 2574 748 2657; x_wconf 88' lang='lat' dir='ltr'><strong>malo,</strong></span> <span class='ocrx_word' id='word_1_215' title='bbox 781 2575 835 2658; x_wconf 91' lang='lat' dir='ltr'><strong>qui</strong></span> <span class='ocrx_word' id='word_1_216' title='bbox 867 2576 1069 2640; x_wconf 90' lang='lat' dir='ltr'><strong>erubesceret</strong></span> 
     </span>
     <span class='ocr_line' id='line_1_29' title="bbox 55 2660 1068 2728; baseline 0.001 -2"><span class='ocrx_word' id='word_1_217' title='bbox 55 2662 206 2728; x_wconf 87' lang='lat' dir='ltr'><strong>fortuito:</strong></span> <span class='ocrx_word' id='word_1_218' title='bbox 229 2662 354 2725; x_wconf 91' lang='lat' dir='ltr'><strong>tristem</strong></span> <span class='ocrx_word' id='word_1_219' title='bbox 378 2660 463 2725; x_wconf 90' lang='lat' dir='ltr'><strong>enim</strong></span> <span class='ocrx_word' id='word_1_220' title='bbox 485 2660 524 2724; x_wconf 91' lang='lat' dir='ltr'><strong>de</strong></span> <span class='ocrx_word' id='word_1_221' title='bbox 547 2661 745 2725; x_wconf 88' lang='lat' dir='ltr'><strong>mortalitate</strong></span> <span class='ocrx_word' id='word_1_222' title='bbox 766 2660 850 2725; x_wconf 90' lang='lat' dir='ltr'><strong>ferre</strong></span> <span class='ocrx_word' id='word_1_223' title='bbox 874 2663 1068 2727; x_wconf 89' lang='lat' dir='ltr'><strong>sententiam</strong></span> 
     </span>
     <span class='ocr_line' id='line_1_30' title="bbox 56 2748 1068 2836; baseline -0.001 -21"><span class='ocrx_word' id='word_1_224' title='bbox 56 2754 90 2815; x_wconf 93' lang='lat' dir='ltr'><strong>et</strong></span> <span class='ocrx_word' id='word_1_225' title='bbox 118 2751 288 2834; x_wconf 90' lang='lat' dir='ltr'><strong>desperare</strong></span> <span class='ocrx_word' id='word_1_226' title='bbox 317 2748 580 2830; x_wconf 88' lang='lat' dir='ltr'><strong>misericordiam,</strong></span> <span class='ocrx_word' id='word_1_227' title='bbox 612 2749 687 2832; x_wconf 90' lang='lat' dir='ltr'><strong>quia</strong></span> <span class='ocrx_word' id='word_1_228' title='bbox 713 2749 782 2832; x_wconf 89' lang='lat' dir='ltr'><strong>ipse</strong></span> <span class='ocrx_word' id='word_1_229' title='bbox 810 2750 904 2813; x_wconf 88' lang='lat' dir='ltr'><strong>alteri</strong></span> <span class='ocrx_word' id='word_1_230' title='bbox 930 2750 1068 2836; x_wconf 89' lang='lat' dir='ltr'><strong>denega-</strong></span> 
     </span>
     <span class='ocr_line' id='line_1_31' title="bbox 55 2836 1121 2921; baseline -0.001 -18"><span class='ocrx_word' id='word_1_231' title='bbox 55 2842 148 2903; x_wconf 86' lang='lat' dir='ltr'><strong>turus</strong></span> <span class='ocrx_word' id='word_1_232' title='bbox 176 2838 227 2902; x_wconf 87' lang='lat' dir='ltr'><strong>sit.</strong></span> <span class='ocrx_word' id='word_1_233' title='bbox 273 2836 372 2920; x_wconf 89' lang='lat' dir='ltr'><strong>Deos,</strong></span> <span class='ocrx_word' id='word_1_234' title='bbox 400 2837 486 2920; x_wconf 90' lang='lat' dir='ltr'><strong>quod</strong></span> <span class='ocrx_word' id='word_1_235' title='bbox 508 2837 570 2919; x_wconf 91' lang='lat' dir='ltr'><strong>ipsi</strong></span> <span class='ocrx_word' id='word_1_236' title='bbox 591 2857 767 2921; x_wconf 91' lang='lat' dir='ltr'><strong>numquam</strong></span> <span class='ocrx_word' id='word_1_237' title='bbox 791 2841 903 2921; x_wconf 90' lang='lat' dir='ltr'><strong>optare</strong></span> <span class='ocrx_word' id='word_1_238' title='bbox 926 2839 996 2902; x_wconf 92' lang='lat' dir='ltr'><strong>ausi</strong></span> <span class='ocrx_word' id='word_1_239' title='bbox 1018 2839 1066 2903; x_wconf 91' lang='lat' dir='ltr'><strong>fo·</strong></span> <span class='ocrx_word' id='word_1_240' title='bbox 1088 2861 1121 2911; x_wconf 85' lang='lat'><strong>18</strong></span> 
     </span>
     <span class='ocr_line' id='line_1_32' title="bbox 55 2924 1068 3011; baseline 0 -20"><span class='ocrx_word' id='word_1_241' title='bbox 55 2932 141 3008; x_wconf 91' lang='lat' dir='ltr'><strong>rent,</strong></span> <span class='ocrx_word' id='word_1_242' title='bbox 170 2925 297 2991; x_wconf 85' lang='lat' dir='ltr'><strong>offerre:</strong></span> <span class='ocrx_word' id='word_1_243' title='bbox 329 2925 482 3009; x_wconf 89' lang='lat' dir='ltr'><strong>patriam,</strong></span> <span class='ocrx_word' id='word_1_244' title='bbox 509 2924 675 3008; x_wconf 82' lang='lat' dir='ltr'><strong>coniuges,</strong></span> <span class='ocrx_word' id='word_1_245' title='bbox 702 2925 820 2989; x_wconf 90' lang='lat' dir='ltr'><strong>liberos</strong></span> <span class='ocrx_word' id='word_1_246' title='bbox 844 2930 888 3008; x_wconf 90' lang='lat' dir='ltr'><strong>et,</strong></span> <span class='ocrx_word' id='word_1_247' title='bbox 912 2926 1068 3011; x_wconf 90' lang='lat' dir='ltr'><strong>quidquid</strong></span> 
     </span>
     <span class='ocr_line' id='line_1_33' title="bbox 55 3009 1120 3090; baseline 0.003 -12"><span class='ocrx_word' id='word_1_248' title='bbox 55 3009 203 3080; x_wconf 87' lang='lat' dir='ltr'><strong>homines</strong></span> <span class='ocrx_word' id='word_1_249' title='bbox 226 3014 278 3079; x_wconf 89' lang='lat' dir='ltr'><strong>vel</strong></span> <span class='ocrx_word' id='word_1_250' title='bbox 300 3014 368 3077; x_wconf 87' lang='lat' dir='ltr'><strong>vita</strong></span> <span class='ocrx_word' id='word_1_251' title='bbox 390 3013 561 3077; x_wconf 90' lang='lat' dir='ltr'><strong>aestimant</strong></span> <span class='ocrx_word' id='word_1_252' title='bbox 582 3013 633 3076; x_wconf 85' lang='lat' dir='ltr'><strong>vel</strong></span> <span class='ocrx_word' id='word_1_253' title='bbox 655 3016 759 3076; x_wconf 89' lang='lat' dir='ltr'><strong>morte</strong></span> <span class='ocrx_word' id='word_1_254' title='bbox 777 3013 946 3079; x_wconf 85' lang='lat' dir='ltr'><strong>redimunt</strong></span> <span class='ocrx_word' id='word_1_255' title='bbox 981 3013 1068 3090; x_wconf 77' lang='lat' dir='ltr'><strong>Quin</strong></span> <span class='ocrx_word' id='word_1_256' title='bbox 1087 3036 1120 3085; x_wconf 84' lang='lat'><strong>19</strong></span> 
     </span>
     <span class='ocr_line' id='line_1_34' title="bbox 55 3100 1068 3183; baseline 0 -16"><span class='ocrx_word' id='word_1_257' title='bbox 55 3103 103 3167; x_wconf 91' lang='lat' dir='ltr'><strong>illi</strong></span> <span class='ocrx_word' id='word_1_258' title='bbox 126 3123 166 3166; x_wconf 85' lang='lat' dir='ltr'><strong>ex</strong></span> <span class='ocrx_word' id='word_1_259' title='bbox 188 3103 250 3166; x_wconf 92' lang='lat' dir='ltr'><strong>hoc</strong></span> <span class='ocrx_word' id='word_1_260' title='bbox 273 3122 397 3167; x_wconf 89' lang='lat' dir='ltr'><strong>carcere</strong></span> <span class='ocrx_word' id='word_1_261' title='bbox 420 3100 646 3183; x_wconf 72' lang='lat' dir='ltr'><strong>erumperent?</strong></span> <span class='ocrx_word' id='word_1_262' title='bbox 665 3101 771 3164; x_wconf 84' lang='lat' dir='ltr'><strong>alium</strong></span> <span class='ocrx_word' id='word_1_263' title='bbox 794 3101 880 3165; x_wconf 92' lang='lat' dir='ltr'><strong>domi</strong></span> <span class='ocrx_word' id='word_1_264' title='bbox 898 3123 968 3166; x_wconf 91' lang='lat' dir='ltr'><strong>esse</strong></span> <span class='ocrx_word' id='word_1_265' title='bbox 987 3103 1068 3167; x_wconf 90' lang='lat' dir='ltr'><strong>caeli</strong></span> 
     </span>
     <span class='ocr_line' id='line_1_35' title="bbox 54 3187 1066 3274; baseline -0.001 -19"><span class='ocrx_word' id='word_1_266' title='bbox 54 3190 218 3274; x_wconf 85' lang='lat' dir='ltr'><strong>haustum,</strong></span> <span class='ocrx_word' id='word_1_267' title='bbox 240 3190 339 3253; x_wconf 91' lang='lat' dir='ltr'><strong>alium</strong></span> <span class='ocrx_word' id='word_1_268' title='bbox 361 3190 441 3255; x_wconf 89' lang='lat' dir='ltr'><strong>lucis</strong></span> <span class='ocrx_word' id='word_1_269' title='bbox 465 3191 639 3272; x_wconf 88' lang='lat' dir='ltr'><strong>aspectum.</strong></span> <span class='ocrx_word' id='word_1_270' title='bbox 675 3187 792 3272; x_wconf 86' lang='lat' dir='ltr'><strong>Mores,</strong></span> <span class='ocrx_word' id='word_1_271' title='bbox 815 3210 914 3272; x_wconf 88' lang='lat' dir='ltr'><strong>sacra,</strong></span> <span class='ocrx_word' id='word_1_272' title='bbox 936 3190 1066 3274; x_wconf 90' lang='lat' dir='ltr'><strong>linguae</strong></span> 
     </span>
     <span class='ocr_line' id='line_1_36' title="bbox 56 3276 1067 3361; baseline -0.002 -17"><span class='ocrx_word' id='word_1_273' title='bbox 56 3279 283 3344; x_wconf 88' lang='lat' dir='ltr'><strong>commercium</strong></span> <span class='ocrx_word' id='word_1_274' title='bbox 310 3278 408 3342; x_wconf 90' lang='lat' dir='ltr'><strong>etiam</strong></span> <span class='ocrx_word' id='word_1_275' title='bbox 436 3299 455 3340; x_wconf 99' lang='lat' dir='ltr'><strong>a</strong></span> <span class='ocrx_word' id='word_1_276' title='bbox 482 3276 627 3341; x_wconf 88' lang='lat' dir='ltr'><strong>barbaris</strong></span> <span class='ocrx_word' id='word_1_277' title='bbox 655 3276 774 3360; x_wconf 86' lang='lat' dir='ltr'><strong>expeti:</strong></span> <span class='ocrx_word' id='word_1_278' title='bbox 811 3299 893 3360; x_wconf 91' lang='lat' dir='ltr'><strong>quae</strong></span> <span class='ocrx_word' id='word_1_279' title='bbox 920 3279 1067 3361; x_wconf 89' lang='lat' dir='ltr'><strong>ingenita</strong></span> 
     </span>
     <span class='ocr_line' id='line_1_37' title="bbox 56 3364 1066 3450; baseline -0.001 -20"><span class='ocrx_word' id='word_1_280' title='bbox 56 3367 118 3450; x_wconf 90' lang='lat' dir='ltr'><strong>ipsi</strong></span> <span class='ocrx_word' id='word_1_281' title='bbox 146 3367 296 3432; x_wconf 89' lang='lat' dir='ltr'><strong>omissuri</strong></span> <span class='ocrx_word' id='word_1_282' title='bbox 323 3366 390 3430; x_wconf 92' lang='lat' dir='ltr'><strong>sint</strong></span> <span class='ocrx_word' id='word_1_283' title='bbox 412 3371 470 3430; x_wconf 86' lang='lat' dir='ltr'><strong>sua</strong></span> <span class='ocrx_word' id='word_1_284' title='bbox 493 3367 623 3447; x_wconf 85' lang='lat' dir='ltr'><strong>sponte,</strong></span> <span class='ocrx_word' id='word_1_285' title='bbox 650 3386 719 3428; x_wconf 91' lang='lat' dir='ltr'><strong>non</strong></span> <span class='ocrx_word' id='word_1_286' title='bbox 745 3365 787 3428; x_wconf 91' lang='lat' dir='ltr'><strong>ob</strong></span> <span class='ocrx_word' id='word_1_287' title='bbox 815 3364 900 3428; x_wconf 92' lang='lat' dir='ltr'><strong>aliud</strong></span> <span class='ocrx_word' id='word_1_288' title='bbox 923 3368 990 3427; x_wconf 93' lang='lat' dir='ltr'><strong>tam</strong></span> <span class='ocrx_word' id='word_1_289' title='bbox 1015 3387 1066 3429; x_wconf 93' lang='lat' dir='ltr'><strong>ca-</strong></span> 
     </span>
     <span class='ocr_line' id='line_1_38' title="bbox 55 3451 1120 3538; baseline -0.001 -20"><span class='ocrx_word' id='word_1_290' title='bbox 55 3454 211 3538; x_wconf 87' lang='lat' dir='ltr'><strong>lamitosi,</strong></span> <span class='ocrx_word' id='word_1_291' title='bbox 243 3476 340 3538; x_wconf 90' lang='lat' dir='ltr'><strong>quam</strong></span> <span class='ocrx_word' id='word_1_292' title='bbox 372 3453 457 3538; x_wconf 91' lang='lat' dir='ltr'><strong>quod</strong></span> <span class='ocrx_word' id='word_1_293' title='bbox 488 3452 551 3517; x_wconf 88' lang='lat' dir='ltr'><strong>illis</strong></span> <span class='ocrx_word' id='word_1_294' title='bbox 577 3471 691 3516; x_wconf 87' lang='lat' dir='ltr'><strong>carere</strong></span> <span class='ocrx_word' id='word_1_295' title='bbox 723 3453 826 3517; x_wconf 90' lang='lat' dir='ltr'><strong>coacti</strong></span> <span class='ocrx_word' id='word_1_296' title='bbox 857 3455 970 3516; x_wconf 90' lang='lat' dir='ltr'><strong>essent.</strong></span> <span class='ocrx_word' id='word_1_297' title='bbox 1026 3451 1067 3517; x_wconf 83' lang='lat' dir='ltr'><strong>Se</strong></span> <span class='ocrx_word' id='word_1_298' title='bbox 1085 3475 1120 3522; x_wconf 77' lang='lat' dir='ltr'><strong>ao</strong></span> 
     </span>
    </p>
   </div>
   <div class='ocr_carea' id='block_1_3' title="bbox 56 3539 1091 3628">
    <p class='ocr_par' dir='ltr' id='par_1_3' title="bbox 56 3539 1091 3628">
     <span class='ocr_line' id='line_1_39' title="bbox 56 3539 1091 3628; baseline -0.008 -22"><span class='ocrx_word' id='word_1_299' title='bbox 56 3546 141 3606; x_wconf 84' lang='lat' dir='ltr'><strong>certe</strong></span> <span class='ocrx_word' id='word_1_300' title='bbox 171 3541 349 3606; x_wconf 87' lang='lat' dir='ltr'><strong>rediturum</strong></span> <span class='ocrx_word' id='word_1_301' title='bbox 381 3542 423 3608; x_wconf 89' lang='lat' dir='ltr'><strong>ad</strong></span> <span class='ocrx_word' id='word_1_302' title='bbox 452 3543 589 3628; x_wconf 89' lang='lat' dir='ltr'><strong>penates</strong></span> <span class='ocrx_word' id='word_1_303' title='bbox 618 3542 653 3606; x_wconf 87' lang='lat' dir='ltr'><strong>et</strong></span> <span class='ocrx_word' id='word_1_304' title='bbox 680 3539 723 3605; x_wconf 83' lang='lat' dir='ltr'><strong>&#39;m</strong></span> <span class='ocrx_word' id='word_1_305' title='bbox 748 3539 900 3624; x_wconf 69' lang='lat' dir='ltr'><strong>patriam</strong></span> <span class='ocrx_word' id='word_1_306' title='bbox 919 3541 1091 3610; x_wconf 56' lang='lat' dir='ltr'><strong>amasne</strong></span> 
     </span>
    </p>
   </div>
   <div class='ocr_carea' id='block_1_4' title="bbox 0 0 1182 3846">
    <p class='ocr_par' dir='ltr' id='par_1_4' title="bbox 0 0 1182 3846">
     <span class='ocr_line' id='line_1_40' title="bbox 0 0 1182 3846; baseline 0 1"><span class='ocrx_word' id='word_1_307' title='bbox 0 0 1182 3846; x_wconf 95' lang='lat' dir='ltr'><strong> </strong></span> 
     </span>
    </p>
   </div>
  </div>
 </body>
</html>
