2356 3846
256 155 510 212 HISTORIARUM
528 154 744 209 ALEXANDRI
761 154 813 223 111,
831 160 883 208 3.'
1006 204 1009 208 .
1046 151 1064 214 'l

56 303 156 385 vallo,
184 323 264 386 quos
292 303 447 385 cognatos
473 299 560 383 regis
586 299 762 382 appellant,
788 297 896 362 decem
919 299 953 361 et
976 298 1066 381 quin-

56 410 120 473 que
150 389 241 454 milia
270 388 448 454 hominum.
496 387 585 452 Haec
615 409 692 451 vero
723 387 833 468 turba,
868 386 1067 450 muliebriter

56 477 290 561 propemodum
321 479 420 560 culta,
451 476 528 540 luxu
559 475 663 560 magis
690 497 787 559 quam
819 475 941 539 decoris
968 475 1066 538 armis

56 565 232 649 conspicua
254 568 330 630 erat.
364 563 573 648 Doryphoroe
595 563 791 628 vocabantur
813 564 993 647 proximum
1015 561 1066 626 his
1086 581 1119 630 15

55 673 186 738 agmen,
203 653 291 718 soliti
308 656 431 718 vestem
449 652 593 736 excipere
612 652 765 736 regalem:
788 650 823 715 hi
841 673 968 715 currum
981 651 1067 734 regis

57 741 241 825 anteibant,
277 763 341 826 quo
376 742 444 825 ipse
476 742 620 804 eminens
651 740 835 804 vehebatur.
888 739 1067 822 Utrumque
1086 758 1120 807 16

57 850 171 894 currus
193 831 278 894 latus
301 830 433 895 deorum
456 829 626 894 simulacra
643 851 682 892 ex
701 849 778 891 auro
798 829 996 911 argentoque
1016 849 1067 891 ex·

56 938 172 1000 pressa
193 918 403 983 decorabant:
426 918 668 1001 distinguebant
684 917 908 980 internitentes
922 936 1068 1000 gemmae

56 1005 184 1157 {Ehg‘um'
209 1027 250 1070 ex
277 1007 645 1160 (ιιιοΙὲᾎιιιίιιθὶιὲιιιι1ιιίιῒ
664 1027 761 1068 aurea
788 1004 958 1156 siffffiira
979 1005 1068 1156 pppi-

58 1115 150 1246 haeb'
163 1116 310 1266 abbilrdlii
326 1115 946 1267 dumbliirnpinliiiisaexidhldlenetiasimilem
965 1114 1069 1245 sacrif

20 1271 180 1338 8verant.
225 1269 338 1336 Cultus
366 1273 452 1356 regis
481 1272 565 1336 inter
593 1272 702 1335 omnia
727 1271 853 1334 luxuria
879 1270 1068 1334 notabatur:
1089 1289 1120 1336 ιι

58 1380 238 1442 purpureae
256 1360 383 1425 tunicae
400 1358 540 1424 medium
555 1360 664 1424 album
677 1360 836 1423 intextum
849 1361 927 1441 erat,
949 1360 1069 1442 pallam

58 1468 138 1511 auro
161 1447 346 1512 distinctam
369 1448 456 1512 aurei
479 1448 660 1531 accipitres,
684 1449 771 1512 velut
793 1447 905 1512 rostris
927 1447 1011 1511 inter
1035 1468 1069 1510 se

57 1539 297 1620 concurrerent,
333 1535 536 1600 adornabant
568 1539 601 1599 et
632 1558 714 1600 zona
745 1557 842 1599 aurea
872 1535 1070 1599 muliebriter
1090 1554 1122 1602 18

57 1624 182 1688 cinctus
205 1623 367 1689 acinacem
394 1623 618 1708 suspenderat,
646 1625 698 1687 cui
727 1645 765 1687 ex
794 1645 922 1708 gemma
951 1625 1070 1706 vagina

58 1715 136 1776 erat.
172 1710 314 1776 Cidarim
327 1711 445 1777 Persae
467 1713 627 1776 vocabant
648 1712 772 1796 regium
791 1712 904 1794 capitis
927 1713 1068 1795 insigne:
1090 1730 1122 1778 19

56 1798 120 1864 hoe
142 1801 288 1864 caerulea
314 1799 415 1865 fascia
437 1801 511 1864 albo
530 1800 683 1864 distincta
700 1800 897 1863 circumibat.
933 1798 1070 1862 Currum
1089 1819 1123 1866 ιο

58 1887 170 1951 decem
198 1889 287 1952 milia
313 1888 516 1954 hastatorum
538 1889 766 1971 sequebantur:
802 1887 913 1952 hastas
936 1891 1070 1970 argento

58 1979 243 2059 exornatas,
279 1977 402 2060 spicula
433 1998 512 2041 auro
543 1977 684 2061 praefixa
715 1976 895 2060 gestabant.
949 1973 1071 2039 Dextra
1089 1995 1121 2044 ιι

56 2064 214 2148 laevaque
228 2085 338 2148 regem
352 2065 479 2130 ducent
455 2065 594 2129 t1ferme
608 2064 803 2128 nobilissimi
817 2064 1070 2165 propinquorum

58 2151 304 2216 comitabantur
341 2151 467 2217 Horum
490 2173 607 2254 agmen
629 2152 871 2216 claudebaturt
857 2153 992 2235 triginta
1013 2153 1070 2216 mi·

58 2240 140 2306 liae
157 2234 310 2325 peditum,
333 2263 413 2325 quos
428 2262 503 2325 equr
515 2261 601 2326 regis
617 2256 700 2305 cccc
715 2241 938 2324 sequebantur.
968 2239 1070 2304 Inter·
1090 2260 1122 2307 ιι

57 2328 144 2393 vallo
176 2328 291 2393 deinde
322 2331 418 2393 unius
450 2329 546 2393 stadii
571 2332 709 2393 matrem
737 2326 835 2392 Darei
863 2326 1071 2413 Sisigambim

58 2437 170 2480 currus
197 2417 337 2481 vehebat
363 2417 457 2480 etin
484 2417 548 2481 alio
577 2420 646 2481 erat
673 2417 797 2482 coniux.
846 2415 955 2480 Turba
980 2416 1071 2480 femi·

58 2526 176 2568 narum
204 2506 334 2590 reginas
362 2506 584 2570 comitantium
612 2505 704 2589 equis
731 2505 926 2569 vectabatur
972 2504 1070 2580 Quin·
1090 2525 1123 2572 23

59 2593 163 2656 decim
186 2592 310 2677 deinde,
332 2601 412 2677 quas
436 2614 638 2658 armamaxas
655 2593 872 2676 appellabant,
895 2593 1071 2675 sequeban-

58 2683 122 2744 tur.
166 2681 207 2744 In
233 2681 285 2745 his
313 2684 404 2745 erant
430 2682 524 2745 liberi
547 2682 632 2766 regis
655 2684 688 2744 et
710 2702 792 2764 quae
814 2681 995 2744 educabant
1017 2702 1071 2746 eos

59 2769 303 2855 spadonumque
322 2790 407 2854 grex,
429 2769 516 2834 haud
535 2790 611 2833 sane
630 2768 694 2832 illis
713 2769 862 2852 gentibus
879 2769 963 2833 vilis.
988 2769 1071 2833 Tum
1091 2789 1125 2838 24

59 2857 737 3030 atttttltttttntttttttttt
757 2857 1072 3029 qittltutihllltl

59 3033 150 3096 niam
176 3034 262 3118 regis
290 3035 432 3098 sexcenti
458 3034 539 3099 muli
562 3037 595 3098 et
615 3034 752 3098 trecenti
775 3035 888 3098 cameli
910 3034 1073 3100 vehebant

59 3121 221 3204 praesidio
262 3122 502 3224 sagittariorum
537 3126 758 3224 prosequente.
815 3121 1072 3208 Propinquorum
1091 3143 1125 3192 ιι

61 3210 300 3294 amicorumque
323 3212 475 3296 coniuges
497 3210 573 3275 huic
596 3210 719 3295 agmini
740 3211 904 3295 proximae
923 3212 1072 3277 lixarum·

62 3319 123 3382 que
146 3302 179 3362 et
201 3299 350 3363 calonum
373 3319 488 3383 greges
510 3299 716 3363 vehebantur.
750 3297 819 3364 Ult
795 3299 868 3364 trmi
890 3303 982 3364 erant
1000 3322 1072 3365 cum

62 3387 129 3451 suis
153 3387 287 3470 quisque
309 3387 456 3471 ducibus,
484 3389 539 3472 qui
561 3391 714 3472 cogerent
737 3408 866 3473 agmen,
888 3389 1000 3452 leviter
1023 3410 1072 3452 ar·

61 3475 151 3540 mati.
205 3472 326 3539 Contra
357 3476 384 3539 si
416 3476 487 3559 quis
517 3477 618 3541 aciem
645 3474 858 3541 Macedonum
884 3477 1076 3556 intueretur
1092 3496 1128 3543 aa

61 3561 173 3644 dispar
196 3561 296 3627 facies
323 3566 394 3629 erat
421 3564 512 3651 equis
539 3565 687 3653 virisque
709 3587 786 3632 non
808 3584 914 3643 auro
934 3582 1016 3623 non
1030 3560 1100 3616 aaa·
