2356 3846
122 169 165 234 34
494 167 526 232 Q.
546 166 657 223 CURTI
675 167 761 223 RUFI

121 317 243 382 leviora
265 317 350 379 inter
372 313 444 377 illos
467 314 556 377 fuere
580 313 765 377 discrimina
782 335 884 377 unum
902 316 1077 398 certamen,
1099 336 1138 378 ex

123 426 186 490 quo
210 407 316 469 cetera
338 401 536 486 pendebant,
559 402 705 465 intuente
728 401 868 466 fortuna.

555 558 635 625 Cae.
657 559 699 626 Il

88 689 102 737 1
211 667 281 733 Iam
312 671 383 732 tota
415 665 521 752 Syria,
556 666 622 730 iam
652 665 812 731 Phoenice
845 688 972 751 quoque
1002 669 1163 751 exceptat

123 758 210 841 Tyro
232 755 443 821 Macedonum
467 757 544 838 erat,
567 754 771 838 habebatque
793 776 849 818 rex
872 760 978 820 castra
1000 756 1038 819 in
1062 778 1135 821 con·

87 846 248 929 atinenti,
272 866 291 908 a
314 865 378 928 qua
395 843 508 907 urbem
532 847 706 927 angustum
723 843 843 906 fretum
862 844 992 907 dirimit.
1020 843 1135 928 Tyros,

123 938 156 998 et
182 932 404 1018 magnitudine
433 936 465 995 et
492 931 638 995 claritate
668 934 742 995 ante
767 952 877 995 omnes
901 930 997 996 urbes
1021 930 1135 1016 Syriae

122 1022 364 1104 Phoenicesque
387 1020 615 1103 memorabilis,
636 1019 761 1083 facilius
785 1020 972 1084 societatem
993 1019 1134 1085 Alexan·

123 1110 172 1173 dri
203 1113 374 1193 acceptura
402 1108 584 1191 videbatur,
618 1128 714 1189 quam
743 1108 921 1190 imperium.
972 1105 1135 1173 Coronam

122 1199 222 1282 igitur
250 1218 380 1261 auream
404 1195 524 1260 donum
546 1196 646 1280 legati
666 1195 856 1259 adferebant
874 1199 1136 1281 commeatusque

122 1287 212 1370 large
235 1289 268 1349 et
289 1284 495 1368 hospitaliter
518 1305 557 1347 ex
580 1282 698 1365 oppido
722 1283 925 1347 advexerant.
967 1283 1027 1348 Ille
1051 1284 1137 1350 dona

123 1379 160 1437 ut
183 1375 223 1438 ab
243 1373 353 1437 amieis
372 1373 474 1455 accipi
491 1371 586 1436 iussit
603 1371 805 1455 benigneque
823 1372 947 1456 legatos
966 1372 1135 1438 adlocutus

124 1461 269 1544 Herculi,
306 1482 402 1544 quem
437 1461 607 1542 praecipue
640 1457 730 1542 Tyrii
766 1460 919 1544 colerent,
956 1460 1136 1525 sacrificare

88 1551 204 1614 avelle
229 1570 262 1613 se
286 1549 379 1613 dixit:
407 1547 622 1612 Macedonum
643 1568 736 1632 reges
760 1548 901 1632 credere,
930 1548 1052 1614 abillo
1076 1549 1135 1614 deo

124 1639 212 1721 ipsos
236 1657 338 1721 genus
362 1636 485 1717 ducere,
509 1657 542 1700 se
564 1657 650 1719 vero,
672 1639 709 1699 ut
735 1635 768 1699 id
790 1635 920 1719 faceret,
943 1637 1043 1701 etiam
1067 1658 1136 1703 ora·

88 1743 105 1789 4
124 1727 196 1790 culo
219 1725 387 1789 monitum.
424 1723 539 1808 Legati
561 1722 767 1806 respondent,
790 1744 859 1788 esse
882 1723 1042 1807 templum
1055 1723 1136 1790 Har·

124 1814 203 1877 culis
232 1817 322 1877 extra
348 1812 460 1876 urbem
488 1812 524 1875 in
550 1833 587 1875 ea
612 1810 699 1895 sede,
731 1833 827 1894 quam
848 1809 1048 1895 Palaetyron
1074 1813 1137 1897 ipsi

88 1905 251 1966 avocent:
287 1901 334 1964 ibi
364 1920 474 1984 regem
506 1899 565 1963 deo
594 1921 719 1963 sacrum
750 1900 811 1963 rite
842 1899 1013 1965 facturum.
1061 1899 1138 1967 Non

124 1989 230 2053 tenuit
260 1989 356 2071 iram,
389 1988 478 2052 ouius
506 1987 627 2069 alioqui
653 1990 769 2070 potens
796 2009 863 2051 non
891 1991 968 2052 erat.
1013 1988 1137 2074 Itaque,

125 2075 204 2141 ‘Vos
229 2075 378 2160 quidem',
398 2075 514 2160 inquit,
537 2074 665 2139 ‘fiducia
686 2074 758 2160 loci,
781 2075 866 2158 quod
888 2076 1030 2141 insulam
1050 2077 1137 2143 inco

123 2165 204 2248 litis,
236 2164 417 2248 pedestrem
445 2163 532 2227 hunc
559 2163 732 2227 exercitum
760 2163 926 2246 spernitis:
964 2163 1021 2228 sad
1047 2165 1138 2230 brevi

125 2253 293 2317 ostendam
314 2253 350 2316 in
372 2251 553 2317 continenti
574 2273 632 2316 vos
656 2272 734 2315 esse.
767 2250 904 2315 Proinde
924 2253 1034 2316 sciatis
1053 2253 1138 2336 lieet,

89 2345 181 2406 aaut
209 2341 404 2404 intraturum
430 2361 482 2405 me
509 2340 621 2403 urbem
648 2343 705 2403 aut
727 2339 1009 2424 oppugnaturum?
1056 2339 1138 2407 Cum

131 2429 192 2494 hoc
219 2450 374 2512 responso
401 2428 525 2493 dimissi
551 2449 627 2492 suos
654 2448 784 2491 monere
811 2431 1000 2512 coeperunt,
1028 2432 1069 2493 ut
1090 2450 1137 2494 re·

125 2539 207 2602 gem,
231 2539 326 2601 quem
348 2514 450 2600 Syria,
474 2537 568 2599 quem
586 2515 745 2579 Phoenice
768 2516 950 2600 recepisset,
972 2516 1036 2599 ipsi
1060 2538 1137 2602 quo

90 2623 187 2690 tque
213 2607 326 2670 urbem
353 2605 473 2668 intrare
500 2607 694 2687 paterentur.
740 2603 786 2666 At
812 2604 860 2667 illi
887 2605 958 2668 loco
982 2604 1064 2671 satia
1088 2605 1136 2670 fisi

16 2716 22 2727 ⁸
125 2694 326 2759 obsidionem
348 2693 432 2757 ferre
455 2692 668 2757 decreverant.
700 2691 847 2776 Namque
865 2691 978 2756 urbem
998 2691 1163 2759 aconti-8

124 2783 215 2845 nenti
244 2785 397 2864 quattuor
425 2780 602 2844 stadiorum
629 2781 748 2845 fretum
771 2779 898 2844 dividit:
935 2779 1048 2846 Africo
1072 2802 1136 2847 ma

124 2870 209 2933 xime
233 2870 393 2933 obiectum
417 2869 545 2933 crebros
569 2869 695 2933 exalto
719 2869 834 2932 fluctus
856 2868 892 2931 in
912 2868 989 2932 litus
1009 2870 1136 2934 evolvit

90 2955 194 3026 aNeo
222 2957 406 3040 accipiendo
436 2956 538 3040 operi,
571 2977 634 3040 quo
661 2955 852 3021 Macedones
880 2957 1063 3022 continenti
1092 2958 1137 3022 in·

126 3046 229 3110 sulam
256 3045 390 3128 iungere
417 3044 589 3128 parabant,
625 3044 797 3129 quicquam
823 3044 927 3128 magis
956 3066 1056 3129 quam
1085 3045 1137 3110 ille

124 3137 240 3198 uentus
268 3133 427 3197 obstabat.
473 3132 599 3216 Quippe
626 3133 680 3197 vix
706 3133 771 3197 leni
800 3136 833 3196 et
854 3133 1032 3218 tranquillo
1056 3132 1138 3199 mari

124 3222 227 3286 moles
250 3221 304 3306 agi
326 3225 475 3305 possunt,
506 3220 635 3286 Africus
663 3242 738 3285 vero
765 3221 870 3304 prima
893 3242 1040 3307 quaeque
1064 3242 1137 3287 oon·

126 3313 219 3395 gesta
246 3310 342 3392 pulsu
368 3310 464 3373 inlisa
486 3310 584 3373 maris
609 3309 750 3374 subruit:
781 3331 841 3373 neo
863 3310 932 3373 ulla
953 3312 1022 3373 tam
1045 3309 1139 3375 firma

126 3398 228 3462 moles
260 3400 322 3482 est,
358 3419 455 3481 quam
486 3419 553 3462 non
585 3397 722 3462 exedant
752 3398 856 3462 undae
888 3401 921 3462 et
952 3418 1010 3480 per
1036 3418 1138 3463 nexus

111 3505 251 3562 operum
273 3490 448 3552 manantes
472 3490 517 3572 et,
547 3487 604 3552 ubi
626 3487 730 3552 aerior
752 3486 845 3550 flatus
869 3486 992 3570 existit,
1020 3484 1139 3552 summi

50 3583 72 3625 9
91 3568 211 3644 operis
233 3572 378 3662 fastigio
404 3577 612 3664 superfusae.
657 3575 794 3642 Praeter
812 3575 904 3638 hanc
924 3573 1146 3637 daedalea
