2356 3846
236 170 490 228 HISTORIARUM
507 173 720 229 ALEXANDBI
737 173 799 244 Vll,
816 179 842 229 4.
861 179 886 231 5.
1004 172 1067 237 163

58 315 188 381 caribus
213 317 374 382 concitato
401 317 436 383 in
463 316 569 383 medio
596 317 728 384 barbari
756 321 887 402 gutture
914 318 962 382 ita
988 318 1069 402 fixit,

57 409 96 469 ut
118 426 177 489 per
199 405 354 471 cervicem
373 405 537 471 emineret
576 405 811 490 Praecipitatus
832 429 870 471 ex
892 428 972 490 equo
995 407 1069 470 bar·

57 494 157 558 barus
185 493 288 558 adhuc
318 498 429 559 tamen
455 495 666 578 repugnabat
717 492 778 559 Sed
805 495 860 559 illc
891 498 1069 560 extractam
1088 512 1121 562 at

58 602 77 646 e
103 581 234 646 vulnere
260 581 389 646 hastam
416 604 527 648 narsus
555 584 589 647 in
614 604 651 647 os
679 582 799 667 dirigit.
845 582 1069 648 Satibarzanes

58 690 159 756 manu
182 671 369 753 conplexus,
392 692 455 753 quo
477 672 635 736 maturius
655 671 817 754 interiret,
840 671 939 749 ictum
963 671 1070 736 hostis

59 757 197 823 odiunt:
216 763 250 823 et
272 758 403 823 barbari
425 759 505 824 duob
528 759 662 839 amisso,
689 780 783 843 quem
806 759 911 844 magis
934 757 1069 823 necessi·
1089 775 1122 825 38

58 850 128 911 tate
151 868 247 929 quam
266 850 381 931 sponte
400 847 501 913 secuti
521 851 624 930 erant,
647 851 737 930 tunc,
760 847 846 912 haud
865 847 1070 912 immemores

59 934 250 1000 meritorum
269 934 460 1016 Alexandri,
484 957 576 1003 arma
592 935 727 1022 Erigyio
749 935 891 1000 tradunt.
927 935 995 999 Rex
1018 934 1070 1000 his
1089 953 1123 1002 sa

59 1022 190 1107 quidem
222 1023 342 1107 laetus,
378 1022 417 1087 de
450 1020 618 1107 Spartanis
650 1024 899 1108 haudquaquam
933 1044 1071 1108 securus,

58 1131 180 1195 magno
212 1115 323 1176 tamen
359 1111 467 1177 animo
502 1111 663 1177 defectum
696 1134 806 1177 eorum
838 1113 926 1196 tulit,
963 1111 1069 1175 dicens

57 1221 126 1264 non
149 1202 226 1264 ante
250 1221 345 1264 ausos
370 1200 503 1264 consilia
525 1201 658 1278 nudare,
682 1223 778 1284 quam
800 1201 907 1282 ipsum
927 1200 968 1264 ad
990 1200 1070 1263 fines

57 1286 171 1351 indiae
193 1287 376 1371 pervenisse
400 1292 604 1372 cognossent.
644 1287 778 1373 Iamque
800 1288 938 1353 Bessum
965 1308 1070 1370 perse·
1089 1306 1125 1354 40

60 1395 163 1460 quens
186 1375 296 1459 copias
324 1376 438 1459 movit,
468 1397 540 1441 cum
569 1377 598 1440 ei
626 1376 779 1461 Erigyius
806 1377 939 1442 barbari
966 1379 1072 1461 caput,

60 1464 205 1548 opimum
229 1463 307 1528 belli
331 1463 441 1549 decus,
463 1463 648 1548 praeferens
672 1465 818 1530 occurrit

497 1619 575 1687 (iar.
598 1620 639 1688 V.

10 1729 48 1794 20
148 1727 253 1812 Igitur
267 1726 517 1792 Bactrianorum
535 1728 666 1813 regione
680 1727 845 1792 Artabazo
863 1729 985 1793 tradita
1004 1751 1070 1793 sar·
1090 1743 1104 1792 1

58 1818 150 1882 oinas
169 1819 203 1880 et
220 1815 441 1899 inpedimenta
458 1815 504 1880 ibi
525 1837 597 1880 cum
620 1815 782 1898 praesidio
800 1816 964 1900 relinquit.
997 1816 1070 1900 Ipse

58 1926 133 1970 cum
152 1904 300 1988 expedito
319 1904 449 1989 agmine
467 1904 540 1968 loca
558 1903 686 1969 deserta
705 1902 941 1989 Sogdianorum
961 1905 1072 1990 intrat,

57 1995 219 2059 nocturno
241 1992 356 2057 itinere
376 1992 551 2057 exercitum
572 1991 699 2058 ducens.
736 1993 917 2076 Aquarum,
941 1997 1070 2059 utente
1089 2008 1105 2056 a

58 2081 264 2165 dictumest,
286 2081 420 2165 penuria
442 2080 532 2163 prius
551 2079 773 2163 desperatione
797 2103 892 2165 quam
912 2081 1071 2147 desiderio

56 2169 191 2236 bibendi
219 2169 308 2233 sitim
337 2169 489 2233 accendit.
534 2167 595 2232 Per
618 2184 704 2234 cccc
729 2169 835 2234 stadia
862 2192 903 2235 ne
926 2170 1071 2236 modicus

58 2258 190 2344 quidem
218 2257 334 2322 humor
364 2256 481 2321 existit.
531 2255 679 2321 Harenas
712 2279 814 2340 vapor
846 2259 959 2323 aestivi
992 2259 1106 2324 solisa

58 2345 218 2412 accendit:
258 2367 340 2429 quae
377 2345 433 2410 ubi
469 2342 607 2428 flagrare
642 2350 830 2430 coeperunt,
861 2347 947 2411 haud
981 2368 1071 2412 secus

58 2456 156 2519 quam
188 2432 368 2501 continenti
398 2432 546 2498 incendio
578 2437 694 2498 cuncta
724 2437 898 2499 torrentur.
955 2433 1107 2520 Oalig04

58 2521 175 2588 deinde
202 2521 361 2589 inmodico
393 2523 500 2586 terrae
531 2520 658 2586 fervore
685 2523 824 2587 excitata
852 2523 955 2587 lucem
987 2524 1072 2606 tegit

58 2632 310 2695 camporumque
328 2631 395 2674 non
408 2610 472 2674 alia
491 2631 587 2694 quam
602 2611 686 2674 vasti
704 2613 736 2674 et
753 2610 905 2694 profundi
920 2612 1070 2694 aequoris

58 2700 183 2785 species
203 2701 262 2763 est.
290 2696 495 2784 Nocturnum
514 2698 577 2761 iter
595 2698 766 2762 tolerabile
789 2698 972 2782 videbatur,
994 2699 1105 2783 quiao

56 2809 132 2855 rore
155 2789 189 2851 et
206 2786 367 2851 matutino
386 2785 508 2869 frigore
527 2806 664 2870 corpora
684 2785 882 2852 levabantur.
919 2785 1071 2853 Getarum

57 2898 132 2942 cum
155 2875 229 2958 ipsa
250 2875 322 2939 luce
345 2877 453 2938 aestus
477 2873 579 2938 oritur
598 2879 789 2958 omnemque
808 2876 992 2941 naturalem
1016 2877 1071 2940 ab·

57 2965 170 3030 sorbet
192 2962 361 3028 humorem
380 2961 521 3026 siccitas:
545 2982 602 3026 ora
620 2962 806 3047 visceraque
829 2964 957 3047 penitus
976 2987 1071 3029 urun-

56 3057 120 3117 tur.
165 3050 281 3134 Itaque
312 3051 453 3134 primum
483 3049 596 3133 animi,
629 3048 745 3115 deinde
772 3072 908 3135 corpora
935 3053 1105 3118 deficeres

56 3143 242 3224 coeperunt.
286 3137 426 3223 Pigebat
453 3142 486 3202 et
508 3139 684 3204 consistere
708 3141 741 3202 et
765 3139 925 3223 progredi.
970 3140 1069 3206 Pauci

57 3252 77 3294 a
91 3229 205 3313 peritis
219 3227 360 3311 regionis
376 3227 532 3292 admoniti
546 3230 819 3310 praeparaverant
832 3250 957 3313 aquam.
978 3228 1068 3294 Haec
1088 3244 1102 3293 ἰ

56 3317 226 3401 paulisper
244 3316 400 3398 repressit
419 3315 520 3380 sitim:
540 3314 653 3379 deinde
668 3319 828 3381 crescente
848 3320 938 3382 aestu
957 3340 1069 3383 rursus

56 3405 253 3471 desiderium
271 3404 417 3469 humoris
437 3425 605 3470 accensum
621 3406 679 3470 est.
707 3401 809 3490 Ergo,
829 3405 984 3490 quidquid
1001 3406 1069 3470 vini

56 3496 185 3579 oleique
223 3495 305 3577 erat,
349 3493 458 3559 oribus
496 3492 704 3576 ingerebatur
742 3497 897 3577 tantaque
934 3493 1071 3555 duleedo

54 3583 186 3650 bibendi
223 3581 299 3666 fulb,
337 3584 373 3648 ut
408 3581 445 3650 in
481 3585 657 3670 posterum
686 3582 766 3650 sibus
800 3602 877 3646 nnn
905 3578 1106 3704 *ignorabun-

894 3684 937 3728 Ἃ
