2370 3834
94 146 157 211 168
465 145 497 210 Q.
516 144 627 202 CURTI
644 145 732 200 RUFI

22 344 26 350 .
55 292 210 376 equippe
238 311 277 354 ex
304 289 390 355 edito
418 293 530 354 monte
556 292 672 354 cuncta
698 295 938 373 prospexerant.
987 289 1105 375 Itaque

90 383 220 463 postero
244 377 295 442 die
318 378 435 442 misere
457 378 584 462 legatos
608 376 648 441 ad
670 398 790 462 regem.
836 377 923 455 Quos
951 378 1009 443 ille
1031 401 1104 462 pro-

91 469 179 533 tinus
212 466 308 531 iussit
330 465 470 545 admitti
498 465 676 549 solutisque
708 465 817 530 fasciis
845 467 1104 551 magnitudinem

56 554 232 626 avulneris
256 553 466 619 dissimulans
488 575 562 618 crus
584 553 733 618 barbaris
757 555 907 619 ostendit.
945 554 1000 619 Illi
1023 556 1105 620 iussi

91 643 256 709 considere
284 642 469 726 adfirmant,
495 663 562 706 non
587 641 780 707 Macedones
808 664 906 727 quam
932 643 1021 725 ipsos
1047 645 1105 708 tri·

92 732 208 797 stiores
226 730 327 796 fuisse
346 730 478 814 cognito
496 729 627 795 vulnere
645 730 762 814 ipsius,
781 731 871 795 cuius
891 731 919 795 si
938 735 1104 796 auctorem

55 841 71 890 r
90 818 321 904 repperissent,
348 819 513 883 dedituros
535 818 650 883 fuisse:
680 839 754 883 oum
776 817 825 884 dis
849 819 936 884 enim
957 839 1105 903 pugnare

92 908 268 990 sacrilegos
282 910 420 972 tantum.
457 904 610 973 Ceterum
624 927 658 970 se
677 911 808 992 gentem
821 907 857 971 in
873 907 969 971 fidem
989 907 1104 973 dedere

91 1000 260 1080 superatos
282 995 403 1059 virtute
425 993 523 1060 illius.
568 993 638 1058 Rex
660 994 723 1059 fide
747 993 823 1059 data
842 998 875 1059 et
893 997 1031 1078 captivis
1054 1019 1104 1061 re·

55 1105 71 1155 a
91 1084 195 1167 ceptis
212 1087 343 1168 gentem
356 1083 391 1147 in
406 1083 600 1147 deditionem
615 1083 745 1166 accepit.
779 1081 902 1148 Castris
916 1083 991 1148 inde
1005 1085 1105 1150 motis

89 1173 206 1238 lectica
228 1172 364 1236 militari
387 1171 565 1254 ferebatur,
588 1191 685 1253 quam
707 1192 766 1256 pro
791 1192 825 1235 se
849 1173 985 1256 quisque
1006 1193 1104 1257 eques

88 1260 251 1346 pedesque
274 1259 382 1324 subire
410 1259 588 1324 certabant.
627 1257 778 1343 Equites,
806 1281 879 1325 cum
902 1260 1019 1343 quibus
1048 1283 1105 1325 rex

88 1349 217 1434 proelia
238 1348 320 1412 inire
344 1347 460 1412 solitus
483 1351 567 1431 erat,
598 1348 648 1411 sui
671 1347 814 1413 muneris
841 1347 875 1411 id
899 1369 969 1412 esse
996 1370 1105 1414 oense·

89 1439 183 1502 bant:
211 1435 336 1519 pedites
364 1439 491 1519 contra,
518 1456 590 1499 cum
618 1436 745 1500 saucios
773 1435 1012 1502 commilitones
1040 1439 1104 1521 ipsi

90 1531 219 1609 gestare
243 1524 478 1606 admovissent,
501 1523 582 1608 eripi
600 1523 664 1588 sibi
686 1525 852 1607 proprium
871 1524 1014 1589 officium
1033 1528 1105 1590 turn

89 1612 311 1697 potissimum,
343 1633 417 1678 cum
448 1634 505 1677 rex
536 1610 712 1696 gestandus
745 1616 842 1694 esset,
876 1613 1104 1695 querebantur.

54 1722 71 1770 e
89 1701 161 1766 Rex
182 1701 216 1765 in
239 1704 333 1765 tanto
355 1701 524 1785 utriusque
549 1700 653 1782 partis
676 1699 852 1764 certamine
875 1704 909 1764 et
932 1700 995 1765 sibi
1018 1701 1104 1767 diffi-

90 1789 185 1855 cilem
210 1792 242 1853 et
269 1788 454 1873 praeteritis
477 1809 608 1873 gravem
632 1786 823 1853 electionem
845 1788 989 1854 futuram
1011 1794 1104 1856 ratus

90 1877 228 1943 invicem
252 1877 361 1941 subire
384 1898 439 1941 eos
462 1875 566 1942 iussit.

37 1985 71 2035 ro
178 1965 265 2029 Hinc
284 1967 400 2048 quarto
423 1963 475 2028 die
498 1962 539 2028 ad
562 1963 676 2027 urbem
693 1963 889 2029 Maracanda
911 1970 1103 2048 perventum
1113 1968 1157 2031 26

90 2057 202 2118 est-
228 2069 300 2116 Lxx
323 2050 429 2116 stadia
451 2072 561 2115 murus
588 2051 679 2116 urbis
704 2052 922 2136 amplectitur,
950 2076 1009 2118 arx
1037 2055 1104 2120 alio

90 2141 232 2226 cingitur
254 2161 347 2204 muro
373 2174 411 2186 -
437 2160 474 2203 ac
496 2138 658 2221 praesidio
681 2140 771 2204 urbis
798 2141 912 2206 relicto
936 2143 1103 2224 proximos

89 2229 178 2294 vicos
202 2227 416 2310 depopulatur
439 2229 536 2310 atque
559 2226 634 2291 urit.

37 2336 69 2385 11
177 2314 294 2398 Legati
321 2314 435 2379 deinde
457 2312 616 2380 Abiorum
640 2313 835 2399 Scytharum
863 2319 1104 2404 superveniunt,

88 2404 196 2486 liberi,
219 2425 258 2468 ex
278 2425 342 2486 quo
366 2403 547 2468 decesserat
564 2399 682 2487 Cyrus,
705 2408 775 2468 tum
797 2406 957 2489 imperata
975 2406 1104 2474 facturi.

88 2492 290 2557 Iustissimos
313 2491 528 2556 barbarorum
551 2491 737 2556 constabat:
760 2493 859 2558 armis
885 2493 1104 2581 abstinebant,

88 2581 154 2645 nisi
179 2579 334 2644 lacessiti:
364 2579 527 2645 libertatis
555 2578 682 2644 modico
710 2583 743 2644 et
770 2581 899 2664 aequali
928 2603 988 2646 usu
1015 2584 1104 2668 prin·

36 2689 70 2738 12
89 2669 215 2752 cipibus
237 2667 427 2733 humiliores
450 2689 545 2752 pares
568 2667 720 2732 fecerant.
761 2667 831 2734 Hos
854 2669 993 2755 benigne
1016 2671 1104 2737 adlo-

91 2761 184 2822 cutus
209 2755 250 2820 ad
269 2778 324 2821 eos
344 2754 498 2839 Scythas,
522 2755 576 2840 qui
593 2755 759 2839 Europam
778 2757 938 2842 incolunt,
960 2758 1103 2825 Berdam

89 2844 247 2928 quendam
279 2843 369 2909 misit
401 2866 440 2908 cx
471 2843 599 2927 amieis,
636 2844 691 2927 qui
723 2843 929 2911 denuntiaret
961 2847 1030 2931 his,
1061 2870 1104 2913 ne

89 2931 216 2997 Tanain
240 2953 367 2996 amnem
390 2932 515 2996 iniussu
539 2931 625 3016 regis
648 2933 833 2998 transirent.
873 2933 990 2998 Eidem
1013 2958 1103 3001 man·

89 3020 215 3102 datum,
238 3023 276 3084 ut
293 3021 566 3105 contomplaretur
588 3020 734 3085 locorum
753 3021 853 3086 situm
872 3026 904 3086 et
926 3023 1001 3088 illos
1026 3046 1104 3108 quo·

89 3131 152 3193 que
184 3107 337 3192 Scythas,
372 3109 430 3193 qui
466 3129 561 3192 super
592 3106 777 3191 Bosporum
813 3111 938 3194 colunt,
973 3112 1103 3178 viseret.

35 3216 70 3266 13
90 3195 283 3263 Condendae
311 3197 385 3262 urbi
407 3196 522 3261 sedem
552 3217 648 3280 super
669 3197 775 3282 ripam
800 3197 922 3263 Tanais
951 3199 1104 3285 elegerat,

89 3286 268 3350 claustrum
293 3288 326 3350 et
348 3285 414 3349 iam
436 3283 691 3368 perdomitorum
715 3290 748 3351 et
775 3291 855 3369 quot
877 3287 991 3352 deinde
1014 3288 1104 3355 adire

90 3373 283 3439 decreverat.
329 3370 392 3437 Sed
411 3373 587 3439 ,consilium
611 3373 740 3438 distulit
763 3373 1000 3460 Sogdianorum
1022 3399 1105 3443 nun-

13 3475 56 3519 u
76 3461 164 3522 trata
178 3459 330 3545 defectio,
350 3482 435 3546 quae
447 3460 641 3528 Bactrianos
660 3484 788 3547 quoque
806 3463 916 3528 traxit.
947 3482 997 3530 vn
1012 3465 1106 3531 milia

60 3543 215 3616 9έῖιιίέιιιιπ
231 3552 339 3636 erant,
359 3572 505 3637 quorum
520 3552 758 3621 auctoritatem
770 3553 870 3620 ceteri
879 3553 1105 3635 sequebantru.
