2356 3846
264 172 518 230 HISTORIARUM
534 173 750 229 mnxnnnnl
768 173 830 244 VII,
850 181 875 230 7.
1009 178 1049 242 17
1052 178 1073 244 3

59 319 134 385 'libi
157 322 266 384 autem
288 318 430 404 quietius
454 338 551 401 quam
568 338 633 400 pur
650 321 700 383 est
718 317 887 384 denuntio:
909 319 974 404 ipsi
991 323 1072 387 mihi
1089 343 1124 394 us

59 409 125 473 iam
153 407 289 488 indices,
317 406 396 491 quid
418 407 499 471 extis
522 406 722 490 cognoveris,
744 428 785 472 ne
807 408 913 492 possis
935 408 1072 475 infitiari

59 496 195 580 dixisse,
213 517 294 579 quae
312 493 453 560 dixeris?
481 492 540 558 Ille
559 495 714 580 exanguis
733 496 937 581 attonitoque
957 497 1071 564 similis
1090 520 1124 568 ae

59 585 172 650 stabat
197 605 255 668 per
285 585 410 648 motum
437 583 534 648 etiam
567 604 645 647 voce
677 604 851 668 suppressa
879 586 1072 671 tandemque

59 672 173 738 eodem
195 675 283 736 metu
304 672 505 746 stimulante,
527 691 568 736 ne
586 672 674 756 regis
693 672 947 756 expectationem
967 697 1071 740 mora·
1115 722 1119 729 -

58 764 162 844 retur,
191 758 349 845 ‘Magniz
376 760 495 843 inquit,
523 758 670 843 laboris,
699 781 766 824 non
787 760 879 825 inriti
902 761 1072 828 discrimen

58 851 183 915 instare
210 848 367 932 praedixit
395 869 454 913 neo
480 868 532 912 me
559 870 612 913 ars
635 869 707 914 mea
734 870 831 933 quam
853 849 1073 916 benivolentia

59 937 239 1022 perturbat.
272 936 498 1002 Infirmitatem
511 935 699 1001 valitudinis
717 940 792 1001 tuae
807 937 899 1003 video
914 940 955 1021 et,
974 960 1072 1022 quan·
1091 962 1124 1010 aa

59 1031 131 1090 tum
148 1025 183 1090 in
201 1047 266 1091 uno
284 1028 318 1089 te
337 1025 392 1107 sit,
416 1025 491 1090 seio.
525 1023 662 1108 Vereor,
680 1046 721 1090 ne
739 1026 903 1108 praesenti
921 1026 1073 1092 fortunae

61 1117 165 1195 [tuae]
189 1113 335 1178 sufficere
356 1134 422 1178 non
444 1111 569 1196 possis?
608 1113 678 1177 Rex
700 1115 796 1179 iussit
818 1135 892 1179 eum
915 1115 1073 1180 confidere
1092 1136 1126 1185 28

59 1202 211 1267 felicitati
229 1223 318 1266 suae:
342 1200 383 1266 ad
402 1201 466 1266 alia
483 1201 569 1280 aliis,
593 1201 655 1265 sibi
675 1202 716 1267 ad
740 1202 877 1286 gloriam
900 1203 1073 1268 concedere

60 1291 147 1356 deos.
197 1289 404 1356 Consultanti
435 1289 511 1354 inde
543 1310 614 1354 eum
645 1289 777 1374 iisdem,
808 1311 948 1375 quonam
976 1291 1072 1357 modo
1092 1313 1125 1361 ee

60 1378 180 1444 flumen
210 1379 399 1461 transirent,
432 1379 618 1462 supervenit
653 1376 859 1462 Aristander,
894 1400 961 1444 non
991 1380 1073 1444 alias

60 1467 197 1532 laetiora
229 1469 303 1530 exta
333 1465 452 1530 vidisse
484 1487 518 1530 se
550 1465 737 1550 adfirmans,
768 1467 880 1550 utique
911 1467 1073 1550 prioribus

59 1556 157 1640 longe
190 1554 329 1619 diversas
364 1557 435 1618 tum
472 1553 696 1618 sollicitudinis
729 1575 843 1619 causas
875 1553 1074 1641 adparuisse,

60 1665 146 1709 nunc
168 1664 301 1727 prorsus
324 1643 453 1727 egregie
476 1642 608 1706 litatum
632 1663 712 1706 esse.

10 1732 50 1797 32
150 1730 315 1813 Ceterum,
342 1751 423 1814 quae
453 1730 588 1794 subinde
610 1730 762 1794 nuntiata
785 1733 861 1794 sunt
886 1730 972 1815 regi,
1000 1751 1072 1796 con·
1092 1753 1128 1802 so

59 1821 173 1885 tinuae
195 1818 345 1884 felicitati
368 1839 474 1882 rerum
494 1819 560 1882 eius
579 1818 790 1901 inposuerant
812 1818 928 1882 labem.
964 1817 1072 1904 Mene·
1091 1840 1126 1888 31

60 1909 205 1991 demum,
227 1912 265 1973 ut
287 1928 387 1989 supra
409 1906 531 1971 dictum
554 1909 617 1989 est,
642 1906 775 1971 miserat
797 1906 837 1970 ad
861 1905 1073 1972 obsidendum

59 1986 278 2080 Spitamenen,
296 1994 486 2060 Bactrianae
501 1993 689 2059 defectionis
709 1997 882 2059 auctorem.
919 1992 982 2070 Qui
998 2015 1074 2059 oon-

60 2089 154 2170 perto
185 2083 290 2149 hostis
322 2083 478 2166 adventu,
514 2103 555 2146 ne
590 2083 692 2147 muris
724 2081 813 2147 urhis
848 2082 1074 2167 includeretur,

61 2173 160 2239 simul
182 2172 285 2237 fretus
309 2171 415 2253 excipi
436 2192 546 2254 posse,
570 2172 634 2254 quia
650 2175 824 2236 venturum
843 2171 979 2254 sciebat,
1002 2192 1074 2236 con·

61 2262 147 2328 sedit
173 2261 325 2326 occultus.
370 2257 524 2324 Silvestre
551 2259 615 2323 iter
638 2262 749 2343 aptum
776 2258 904 2324 insidiis
927 2260 1073 2344 tegendis
1092 2280 1126 2328 32

61 2354 148 2415 erat:
171 2349 218 2415 ibi
235 2347 347 2413 Dahas
366 2345 519 2412 condidit.
554 2345 640 2430 Equi
662 2347 757 2412 binos
776 2351 918 2413 armatos
937 2348 1072 2413 vehunt:

61 2458 200 2523 quorum
230 2437 370 2502 invicem
402 2434 523 2519 singuli
554 2438 686 2518 repente
718 2435 885 2519 desiliunt,
917 2437 1073 2520 equestris
1147 2445 1157 2461 ‘

60 2524 540 2698 ltrlhl‘lhttltlht
554 2521 1073 2694 tlttttsttllhtttssl
1093 2545 1126 2593 ³³

61 2703 167 2768 iussos
194 2701 317 2785 pariter
343 2702 377 2765 et
404 2721 424 2765 a
450 2698 608 2763 lateribus
636 2703 670 2764 et
697 2722 717 2764 a
743 2699 851 2765 fronte
878 2703 911 2764 et
938 2722 958 2764 a
980 2704 1073 2786 tergo

61 2790 151 2855 hosti
164 2789 316 2855 ostendit.
343 2787 551 2853 Menedemus
565 2787 706 2873 undique
720 2787 872 2872 inclusus,
884 2808 925 2852 ne
939 2809 1073 2853 numero
1093 2810 1127 2858 34

62 2878 192 2963 quidem
213 2900 285 2962 par,
313 2876 368 2941 diu
395 2880 506 2941 tamen
528 2874 667 2961 resistit,
690 2876 859 2942 clamitans
881 2875 964 2939 nihil
988 2877 1074 2942 aliud

34 3040 40 3047 ,
61 2986 229 3051 superesse
245 2966 390 3030 locorum
407 2963 521 3031 fraude
534 2964 687 3049 deceptis,
706 2986 803 3050 quam
821 2965 976 3029 honestae
989 2986 1073 3031 mor-

61 3056 107 3120 tis
121 3054 279 3120 solacium
292 3075 331 3118 ex
344 3053 488 3118 hostium
503 3052 609 3118 caede.
640 3053 753 3138 Ipsum
766 3053 957 3136 praevalens
973 3075 1072 3137 equus
1092 3075 1125 3123 35

60 3142 214 3227 vehebat,
246 3163 309 3226 quo
343 3141 472 3225 saepius
503 3142 538 3206 in
570 3162 688 3207 euneos
719 3141 931 3207 barbarorum
965 3142 1073 3207 effusis

60 3231 199 3297 habenis
223 3234 352 3296 erectus
376 3248 497 3314 magna
519 3233 627 3314 strage
651 3251 706 3295 eos
733 3228 869 3294 fuderat.
915 3228 978 3295 Sed
1001 3251 1073 3295 oum
1093 3250 1126 3299 36

60 3341 162 3384 unum
200 3339 312 3384 omnes
347 3321 509 3403 peterent,
545 3317 657 3383 multis
694 3318 879 3383 vulneribus
917 3318 1073 3401 exanguis

60 3406 245 3493 Hypsidem
281 3407 440 3492 quendam
477 3427 515 3470 ex
548 3407 660 3471 amieis
692 3406 840 3472 hortatus
874 3409 937 3489 est,
972 3409 1009 3469 ut
1040 3406 1074 3469 in

61 3517 180 3581 equum
213 3516 306 3562 suum
338 3494 526 3560 ascenderet
553 3497 587 3559 et
618 3515 654 3560 se
680 3494 764 3581 fuga
789 3495 946 3577 eriperet.
983 3491 1091 3581 §aaa

60 3587 207 3668 agentem
234 3583 343 3651 anima
367 3583 488 3653 defecit
520 3605 712 3673 corpusque
735 3605 781 3648 en
802 3600 892 3662 equo
915 3572 1128 3635 sensnm-
