2356 3846
117 165 160 229 66
490 163 522 230 Q.
541 103 649 219 cuam
668 163 756 218 RUFI

118 346 168 388 —,
188 310 276 374 hirta
301 309 366 374 illis
394 331 451 374 ora
478 311 511 374 et
536 309 684 373 intonsas
711 329 820 374 comas
847 331 933 394 esse,
963 315 1131 395 praeterea

118 398 267 476 eximiam
294 401 459 462 vastorum
486 397 740 482 magnitudinem
768 419 951 481 corporum:
980 401 1073 464 vanis
1096 404 1132 464 et

116 487 267 550 inanibus
293 486 427 550 militem
451 487 554 569 magis
577 507 674 570 quam
696 485 791 550 iustis
813 486 995 551 formidinis
1023 487 1129 553 causis

116 575 250 656 moveri,
280 611 322 621 -
353 573 466 638 deinde
495 577 620 637 tantam
648 574 887 639 multitudinem
916 575 1130 640 circumfundi

82 681 98 729 e
116 662 320 746 paucioribus
342 683 447 745 posse.
487 661 563 726 Non
585 663 621 725 in
643 660 771 727 Ciliciae
795 663 954 747 angustiis
976 666 1010 727 et
1031 664 1130 728 inviis

116 751 265 834 callibuS,
303 750 358 814 sed
398 751 433 813 in
469 753 581 832 aperta
617 753 649 814 et
683 751 751 814 lata
786 751 921 833 planitie
956 750 1129 816 dimicare'.

82 857 96 904 7
117 837 235 902 Omnes
263 837 363 903 ferme
385 837 590 902 Parmenioni
615 838 889 902 adsentiebantur:
925 838 1128 922 Polypercon

115 926 202 990 haud
232 927 326 991 dubie
355 927 390 990 in
418 947 456 990 eo
485 926 618 991 consilio
641 927 779 1009 positam
802 927 970 991 victoriam
993 928 1128 992 arbitra·

80 1032 96 1080 8
116 1015 220 1078 batur.
256 1015 359 1090 Quem
379 1015 510 1078 intuens
527 1035 592 1098 rex,
613 1034 752 1098 namque
766 1013 1008 1079 Parmenionem
1023 1037 1128 1098 nuper

116 1103 233 1185 acrius,
266 1125 362 1186 quam
389 1103 497 1180 vellet,
526 1103 718 1184 increpitum
739 1123 850 1166 rursus
877 1103 1041 1187 castigare
1058 1124 1126 1169 non

116 1191 305 1273 sustinebat,
328 1189 627 1273 ‘Latrunculorum',
650 1190 766 1272 inquit,
790 1189 835 1254 ‘et
855 1189 962 1255 furum
980 1191 1046 1256 ista
1064 1192 1127 1257 sol-

114 1278 209 1342 lertia
231 1282 289 1360 est,
312 1299 408 1362 quam
425 1278 609 1361 praecipitis
627 1277 715 1360 mihi,
738 1278 855 1361 quippe
871 1278 1000 1343 illorum
1012 1282 1126 1343 votum

81 1383 96 1431 9
115 1367 246 1430 unicum
269 1369 318 1429 est
339 1365 459 1429 fallere.
496 1365 588 1429 Meae
610 1386 686 1429 vero
709 1365 830 1449 gloriae
853 1387 978 1449 semper
996 1371 1053 1431 aut
1071 1368 1126 1431 ab·

116 1454 253 1517 sentiam
267 1452 364 1517 Darei
386 1457 444 1517 aut
465 1453 631 1537 angustias
650 1454 794 1517 locorum
811 1457 868 1517 aut
884 1453 1006 1517 furtum
1019 1455 1126 1519 noctis

116 1541 244 1605 obstare
274 1563 341 1606 non
369 1541 490 1625 patiar:
525 1541 633 1624 palam
659 1542 730 1606 luce
757 1541 889 1626 adgredi
915 1545 1037 1606 certum
1062 1546 1126 1607 est:

116 1630 201 1693 malo
224 1650 383 1694 mameae
405 1629 554 1694 fortunae
576 1629 753 1713 paeniteat,
776 1651 872 1713 quam
894 1629 1046 1694 victoriae
1069 1653 1127 1714 pu-

65 1733 97 1782 10
116 1717 198 1782 deat.
243 1716 295 1782 Ad
326 1718 406 1781 haec
435 1717 515 1782 illud
547 1738 673 1802 quoque
705 1717 840 1782 accedit:
876 1717 1005 1802 vigilias
1031 1739 1128 1803 agere

115 1805 271 1871 barbaros
294 1808 327 1869 et
348 1806 383 1869 in
406 1805 503 1870 armis
526 1810 625 1888 stare,
653 1809 753 1869 utne
776 1804 880 1888 decipi
902 1806 1030 1889 quidem
1053 1815 1126 1891 ‘pos-

116 1894 195 1972 sint,
225 1897 413 1977 conpertum
440 1892 553 1958 habeo.
596 1892 710 1977 Itaque
737 1892 778 1956 ad
804 1893 961 1977 proelium
987 1916 1045 1959 ros
1071 1915 1127 1978 pa

114 1980 204 2045 rate?
250 1980 303 2045 Sic
324 1981 475 2045 incitatos
498 1980 538 2044 ad
562 2001 696 2062 corpora
718 1981 859 2044 curanda
881 1981 1009 2046 dimisit

64 2086 95 2134 11
205 2067 329 2132 Dareus
355 2069 403 2150 id,
434 2067 520 2152 quod
546 2066 715 2131 Parmenio
742 2072 900 2152 suaserat,
925 2070 1052 2134 hostem
1078 2070 1125 2134 fa·
1133 2067 1171 2131 48

115 2159 241 2220 cturum
263 2177 332 2220 esse
356 2157 539 2220 coniectans
562 2155 704 2219 frenatos
728 2176 827 2238 equos
850 2159 935 2231 stare
958 2178 1124 2242 magnam·

115 2265 176 2328 que
204 2245 360 2309 exercitus
387 2247 512 2327 partem
539 2244 574 2307 in
599 2243 696 2307 armis
719 2263 788 2307 esse
812 2263 849 2307 ac
871 2244 997 2329 vigilias
1019 2247 1124 2310 inten-

114 2332 195 2396 tiore
232 2353 309 2396 cura
346 2331 465 2395 servari
495 2332 648 2396 iusserat:
684 2351 761 2415 ergo
792 2331 923 2415 ignibus
954 2335 1025 2396 tota
1056 2335 1124 2398 eius

64 2437 96 2486 ra
116 2424 222 2484 castra
257 2420 434 2505 fulgebant.
484 2418 558 2503 Ipse
595 2440 667 2483 cum
703 2418 836 2482 ducibus
872 2420 1125 2504 propinquisque

116 2509 247 2593 agmina
273 2509 308 2572 in
336 2507 433 2572 armis
461 2507 615 2571 stantium
642 2506 844 2590 circumibat,
876 2504 983 2572 Solem
1010 2513 1043 2573 et
1065 2509 1124 2572 Mi-

114 2597 220 2661 threm
244 2615 432 2679 sacrumque
455 2597 488 2659 et
509 2597 674 2660 aeternum
692 2595 847 2659 invocans
865 2595 983 2679 ignem,
1005 2600 1043 2660 ut
1060 2597 1123 2660 illis

116 2684 248 2768 dignam
270 2688 376 2749 vetere
400 2683 503 2767 gloria
524 2683 744 2767 maiorumque
763 2684 979 2748 monumentis
997 2683 1125 2748 fortitu·

64 2789 96 2838 13
116 2772 223 2835 dinem
246 2772 452 2855 inspirarent.
497 2769 553 2835 ‘Et
574 2771 730 2855 profecto,
757 2772 785 2834 si
812 2792 876 2855 qua
903 2771 1028 2834 divinae
1052 2773 1122 2855 opis

116 2860 251 3010 lidda
268 2858 1124 3012 ababattaitltttltatttb?

116 3033 195 3097 sisse
217 2969 434 3098 formidineml
458 3032 561 3097 adhuc
582 3031 766 3114 lymphatos
788 3032 865 3096 ferri
888 3034 1012 3118 agique,
1034 3057 1125 3100 arma

115 3122 286 3185 iacientes:
323 3125 470 3205 expetere
501 3119 664 3205 praesides
697 3118 868 3184 Persarum
899 3122 1025 3205 imperii
1056 3123 1127 3188 deos

116 3209 240 3274 debitas
268 3230 285 3273 e
312 3210 501 3274 vecordibus
527 3227 658 3292 poenas.
706 3204 775 3271 Nec
801 3209 907 3291 ipsum
935 3210 1048 3275 ducem
1075 3233 1125 3276 sa·

63 3319 97 3368 14
115 3298 240 3363 niorem
258 3318 341 3362 esse:
365 3298 482 3382 quippe
499 3296 564 3360 ritu
579 3295 721 3360 ferarum
733 3295 885 3380 praedam
898 3298 1003 3382 modo,
1026 3320 1124 3382 quam

115 3389 286 3470 expeteret,
307 3386 487 3450 intuentem
509 3384 544 3448 in
566 3383 748 3469 perniciem,
769 3404 851 3467 quae
874 3388 949 3449 ante
969 3387 1122 3468 praedam

98 3474 218 3554 posita
241 3478 338 3558 esset,
360 3471 545 3539 incurrere?

180 3558 312 3627 Similis
339 3563 430 3649 apud
453 3560 653 3630 Macedones
681 3582 809 3648 quoque
835 3560 1016 3625 sollicitudo
1038 3565 1123 3625 erat:
