2356 3846
243 108 497 165 HISTORIARUM
515 107 728 164 AnnxANDRI
746 108 835 179 VIIII,
855 114 896 165 10.
1010 108 1076 172 255

57 255 132 321 siue
152 253 244 321 clads
261 274 321 319 neo
339 252 493 338 progredi
510 256 676 337 poterant:
693 256 860 318 manentes
873 252 986 337 fames,
1003 275 1076 338 pro·

58 364 194 430 grossos
222 342 325 408 acrior
350 341 536 426 pestilentia
558 341 706 426 urgebat.
750 341 842 427 Ergo
866 343 961 407 strati
984 345 1130 407 erant14

60 432 168 516 campi
187 452 290 515 paene
308 430 457 514 pluribus
476 430 641 495 semivivis
659 452 756 514 quam
776 429 994 496 cadaveribus.
1028 430 1078 497 Ac

59 540 103 587 ne
127 519 233 585 levius
257 519 387 604 quidem
410 519 502 603 aegri
524 520 614 603 sequi
634 522 799 602 poterant:
822 518 941 603 quippe
960 539 1079 604 agmen

61 608 185 695 raptim
205 609 363 693 agebatur
380 610 510 673 tantum
529 607 667 693 singulis
687 607 727 672 ad
747 628 838 690 spem
856 608 971 673 salutis
987 609 1077 694 ipsos

63 698 220 783 proficere
238 696 452 780 credentibus,
470 701 628 780 quantum
646 696 773 760 itineris
790 696 972 762 festinando
986 719 1077 781 prae·

64 783 1078 957 tttttstsslttttditt⁰ttttttttttlt³ttrttl
1097 794 1131 846 ¹⁵

297 923 305 955 r
469 921 477 936 ·
930 923 939 957 r

10 978 12 989 ·
65 962 171 1046 excipi
189 964 332 1046 possent,
351 965 384 1027 et
401 961 496 1026 miles
514 962 569 1026 uix
587 982 679 1026 arma
696 961 849 1044 portabat
866 962 1079 1028 imminentis-

65 1070 126 1136 que
145 1050 278 1134 stipsis
295 1048 396 1115 facies
415 1049 495 1114 mali
513 1053 588 1115 ante
607 1049 717 1114 oculos
734 1053 812 1113 erat.
843 1049 933 1136 Ergo
949 1053 1078 1135 saepius

64 1139 209 1205 revocati
231 1159 271 1205 ne
295 1138 453 1222 respicere
475 1138 605 1222 quidem
628 1160 703 1203 suos
728 1138 934 1206 sustinebant
956 1140 1080 1205 miseri·

64 1226 176 1293 cordia
196 1226 230 1293 in
252 1225 458 1292 formidinem
480 1248 582 1292 versa
618 1225 673 1292 llli
696 1226 803 1292 relicti
825 1227 902 1293 deos
925 1231 1027 1293 testes
1047 1233 1131 1295 et16

64 1336 159 1381 sacra
189 1315 373 1381 communia
399 1315 550 1401 regisque
577 1315 785 1398 inplorabant
808 1337 915 1400 opem:
944 1339 1079 1403 cumque

63 1402 190 1469 frustra
206 1404 321 1469 surdas
340 1424 434 1468 aures
451 1403 638 1488 fatigarent,
656 1404 689 1467 in
712 1403 837 1468 rabiem
855 1405 1079 1489 desperatione

63 1513 161 1559 versa
177 1514 291 1577 parem
310 1513 369 1557 suo
388 1491 511 1556 exitum
524 1491 711 1575 similesque
725 1491 805 1575 ipsis
821 1493 942 1559 amieos
957 1498 991 1559 et
1005 1516 1080 1560 con·

23 1578 253 1648 lltubernales
279 1579 503 1664 precabantur.
548 1578 616 1644 Rex
644 1579 755 1645 dolore
778 1580 875 1661 simul
898 1602 935 1647 ac
958 1583 1131 1665 pudorem

63 1670 193 1753 anxius,
217 1669 294 1754 quia
312 1690 410 1734 causa
427 1670 540 1733 tantae
558 1667 658 1734 cladis
676 1668 746 1752 ipse
764 1672 863 1752 esset,
886 1669 927 1733 ad
945 1670 1080 1735 Phrata·

10 1790 12 1811 =
61 1757 224 1843 phernen,
250 1755 507 1841 Parthyaeorum
529 1760 695 1841 satrapen,
722 1755 826 1838 misit,
854 1757 909 1840 qui
931 1757 1082 1824 iuberent

61 1846 198 1913 camelis
230 1850 322 1911 cocta
357 1845 480 1911 cibaria
515 1845 648 1923 adferri,
688 1845 833 1928 aliosque
868 1845 1081 1911 finitimarum

61 1934 236 2021 regionum
267 1933 447 2018 praefectos
480 1933 633 1999 certiores
659 1933 863 1997 necessitatis
891 1955 968 1999 suae
994 1935 1081 2002 fecit

61 2021 137 2089 Nec
158 2026 321 2089 cessatum
343 2028 394 2088 est
417 2023 458 2087 ab
481 2022 543 2087 his.
579 2022 693 2106 Itaque
711 2026 796 2086 fame
819 2021 989 2088 dumtaxat
1010 2024 1134 2089 vin-18

62 2112 194 2177 dicatus
213 2111 370 2176 exercitus
393 2109 524 2175 tandem
544 2111 579 2176 in
597 2107 770 2175 Cedrosiae
789 2110 869 2175 fines
888 2111 1082 2194 perducitur.

62 2198 220 2267 Omnium
241 2220 349 2264 rerum
372 2198 467 2282 eopia
488 2198 606 2263 fertilis
629 2199 721 2283 regio
743 2200 803 2263 est:
827 2198 862 2264 in
880 2221 944 2284 qua
962 2201 1081 2266 stativa

61 2290 197 2372 habuit,
217 2291 255 2353 ut
276 2292 412 2353 vexatos
435 2286 556 2351 milites
579 2287 686 2370 quiete
708 2287 862 2352 firmaret.
898 2287 962 2353 Hic
979 2288 1081 2354 Leon·
1100 2297 1134 2346 19

61 2378 136 2445 nati
162 2377 291 2441 litteras
315 2375 453 2459 accepit,
479 2373 663 2441 conflixisse
685 2376 792 2457 ipsum
814 2396 887 2439 cum
910 2393 974 2441 vm
997 2377 1082 2441 mili-

61 2467 127 2531 bus
161 2463 309 2548 peditum
341 2468 374 2528 et
406 2479 490 2529 cccc
526 2462 687 2545 equitibus
722 2460 888 2527 Oritarum
924 2484 1081 2547 prospero

64 2556 195 2619 euentu.
237 2551 270 2617 A
296 2549 429 2617 Cratero
458 2571 583 2635 quoque
610 2549 744 2614 nuntius
771 2551 874 2633 venit,
901 2549 1022 2616 Ozinen
1049 2554 1083 2617 et

65 2640 259 2725 Zariaspen,
284 2641 405 2706 nobilis
428 2638 559 2722 Persas,
587 2638 799 2704 defectionem
827 2639 997 2704 molientes
1025 2662 1082 2724 op·

64 2750 198 2816 pressos
216 2751 237 2795 a
254 2749 288 2794 se
307 2729 341 2793 in
359 2727 498 2794 vinculis
517 2749 596 2792 esse.
628 2726 817 2810 Praeposito
835 2727 937 2812 igitur
954 2727 1081 2813 regioni
1099 2736 1134 2786 20

38 2846 44 2855 ·
66 2818 275 2903 Sibyrtio-
293 2837 432 2900 namque
454 2815 589 2899 Menon,
610 2815 791 2899 praefectus
811 2815 893 2898 eius,
915 2837 1018 2899 nuper
1035 2816 1082 2881 in-

65 2908 205 2975 terierat
221 2906 335 2972 morbo
355 2939 396 2953 -
416 2904 451 2970 in
468 2902 675 2969 Carmaniam
694 2903 763 2986 ipse
781 2904 948 2987 prooessit.
978 2903 1082 2989 Aspa-
1100 2913 1134 2962 21

10 3020 14 3041 ¹
67 3000 134 3063 stes
151 2999 225 3063 erat
242 2998 389 3079 satrapes
408 2993 525 3079 gentis,
543 2995 712 3076 suspectus
731 3012 783 3055 res
797 3013 918 3057 novare
931 2994 1082 3077 voluisse,

67 3084 145 3151 dnm
167 3085 203 3149 in
224 3082 318 3148 India
340 3104 396 3147 rex
418 3085 477 3146 est.
514 3078 616 3156 Quem
639 3083 858 3145 occurrentem
877 3080 1082 3146 dissimulata
1100 3089 1135 3138 22

67 3173 118 3239 ira
145 3172 281 3239 comiter
313 3171 496 3254 adlocutus,
528 3169 603 3234 dum
636 3169 831 3252 exploraret,
864 3190 946 3252 quae
976 3170 1083 3234 delata

24 3256 176 3346 ceant,
202 3261 237 3326 in
264 3258 378 3325 eodem
399 3259 522 3324 honore
543 3257 667 3322 habuit.
717 3253 798 3321 Cum
821 3256 896 3321 inde
918 3257 1083 3341 praefecti,

68 3350 153 3416 sicut
175 3349 370 3435 imperatum
393 3350 476 3431 erat,
497 3367 667 3430 equorum,
689 3344 971 3428 iumentorumque
994 3346 1084 3430 iuga-

68 3438 149 3503 lium
175 3437 243 3503 rim
269 3436 435 3522 ingentem
461 3435 627 3521 exomni,
653 3454 736 3520 quae
759 3433 821 3498 sub
842 3433 985 3515 imperio
1006 3436 1095 3508 erat,

62 3527 197 3609 regione
217 3524 400 3612 misissent,
424 3524 546 3612 quibus
571 3525 715 3593 deerant
730 3521 1001 3607 impedimus,
1014 3513 1117 3574 restu-
