<?xml version="1.0" encoding="UTF-8"?>
<!DOCTYPE html PUBLIC "-//W3C//DTD XHTML 1.0 Transitional//EN"
    "http://www.w3.org/TR/xhtml1/DTD/xhtml1-transitional.dtd">
<html xmlns="http://www.w3.org/1999/xhtml" xml:lang="en" lang="en">
 <head>
  <title>
</title>
<meta http-equiv="Content-Type" content="text/html;charset=utf-8" />
  <meta name='ocr-system' content='tesseract 3.04.00' />
  <meta name='ocr-capabilities' content='ocr_page ocr_carea ocr_par ocr_line ocrx_word'/>
</head>
<body>
  <div class='ocr_page' id='page_1' title='image "./incertiauctoris00heydgoog_0361.png"; bbox 0 0 2356 3846; ppageno 0'>
   <div class='ocr_carea' id='block_1_1' title="bbox 478 221 671 286">
    <p class='ocr_par' dir='ltr' id='par_1_1' title="bbox 478 221 671 286">
     <span class='ocr_line' id='line_1_1' title="bbox 478 221 671 286; baseline 0.005 -20"><span class='ocrx_word' id='word_1_1' title='bbox 478 221 671 286; x_wconf 59' lang='lat'>„9-</span> 
     </span>
    </p>
   </div>
   <div class='ocr_carea' id='block_1_2' title="bbox 26 380 1141 3202">
    <p class='ocr_par' dir='ltr' id='par_1_2' title="bbox 26 380 1141 3202">
     <span class='ocr_line' id='line_1_2' title="bbox 62 380 1084 465; baseline 0.001 -20"><span class='ocrx_word' id='word_1_2' title='bbox 62 380 273 464; x_wconf 90' lang='lat' dir='ltr'>propositum</span> <span class='ocrx_word' id='word_1_3' title='bbox 290 402 385 444; x_wconf 89' lang='lat' dir='ltr'>suum</span> <span class='ocrx_word' id='word_1_4' title='bbox 403 380 581 446; x_wconf 88' lang='lat' dir='ltr'>terminare</span> <span class='ocrx_word' id='word_1_5' title='bbox 600 381 766 464; x_wconf 91' lang='lat' dir='ltr'>cupientes</span> <span class='ocrx_word' id='word_1_6' title='bbox 784 381 1015 465; x_wconf 74' lang='lat' dir='ltr'>imperatorem</span> <span class='ocrx_word' id='word_1_7' title='bbox 1033 403 1084 446; x_wconf 93' lang='lat' dir='ltr'>ac·</span> 
     </span>
     <span class='ocr_line' id='line_1_3' title="bbox 64 468 1084 555; baseline 0.002 -21"><span class='ocrx_word' id='word_1_8' title='bbox 64 473 235 534; x_wconf 88' lang='lat' dir='ltr'>cesserunt</span> <span class='ocrx_word' id='word_1_9' title='bbox 257 469 431 534; x_wconf 51' lang='lat' dir='ltr'>dicentes:</span> <span class='ocrx_word' id='word_1_10' title='bbox 450 468 601 534; x_wconf 77' lang='lat' dir='ltr'>‘Domine</span> <span class='ocrx_word' id='word_1_11' title='bbox 624 469 816 555; x_wconf 90' lang='lat' dir='ltr'>imperator,</span> <span class='ocrx_word' id='word_1_12' title='bbox 843 492 902 536; x_wconf 89' lang='lat' dir='ltr'>vos</span> <span class='ocrx_word' id='word_1_13' title='bbox 926 470 1007 535; x_wconf 87' lang='lat' dir='ltr'>scire</span> <span class='ocrx_word' id='word_1_14' title='bbox 1031 471 1084 536; x_wconf 91' lang='lat' dir='ltr'>de·</span> 
     </span>
     <span class='ocr_line' id='line_1_4' title="bbox 64 557 1083 642; baseline 0.002 -20"><span class='ocrx_word' id='word_1_15' title='bbox 64 558 162 642; x_wconf 89' lang='lat' dir='ltr'>betis,</span> <span class='ocrx_word' id='word_1_16' title='bbox 185 557 271 642; x_wconf 90' lang='lat' dir='ltr'>quod</span> <span class='ocrx_word' id='word_1_17' title='bbox 288 558 323 622; x_wconf 90' lang='lat' dir='ltr'>in</span> <span class='ocrx_word' id='word_1_18' title='bbox 341 579 470 623; x_wconf 87' lang='lat' dir='ltr'>recessu</span> <span class='ocrx_word' id='word_1_19' title='bbox 487 562 600 624; x_wconf 90' lang='lat' dir='ltr'>nostro</span> <span class='ocrx_word' id='word_1_20' title='bbox 624 558 662 623; x_wconf 94' lang='lat' dir='ltr'>de</span> <span class='ocrx_word' id='word_1_21' title='bbox 681 559 762 623; x_wconf 90' lang='lat' dir='ltr'>urbe</span> <span class='ocrx_word' id='word_1_22' title='bbox 781 580 801 623; x_wconf 92' lang='lat' dir='ltr'>a</span> <span class='ocrx_word' id='word_1_23' title='bbox 819 558 951 624; x_wconf 90' lang='lat' dir='ltr'>domino</span> <span class='ocrx_word' id='word_1_24' title='bbox 970 564 1083 625; x_wconf 91' lang='lat' dir='ltr'>nostro</span> 
     </span>
     <span class='ocr_line' id='line_1_5' title="bbox 66 646 1085 732; baseline 0.002 -21"><span class='ocrx_word' id='word_1_25' title='bbox 66 646 290 712; x_wconf 86' lang='lat' dir='ltr'>Romanorum</span> <span class='ocrx_word' id='word_1_26' title='bbox 313 647 509 731; x_wconf 78' lang='lat' dir='ltr'>imperatore</span> <span class='ocrx_word' id='word_1_27' title='bbox 528 647 714 732; x_wconf 86' lang='lat' dir='ltr'>specialiter</span> <span class='ocrx_word' id='word_1_28' title='bbox 734 648 915 732; x_wconf 83' lang='lat' dir='ltr'>recepimus</span> <span class='ocrx_word' id='word_1_29' title='bbox 938 649 973 713; x_wconf 91' lang='lat' dir='ltr'>in</span> <span class='ocrx_word' id='word_1_30' title='bbox 996 670 1085 713; x_wconf 88' lang='lat' dir='ltr'>man·</span> 
     </span>
     <span class='ocr_line' id='line_1_6' title="bbox 41 737 1086 822; baseline 0.005 -25"><span class='ocrx_word' id='word_1_31' title='bbox 41 752 54 794; x_wconf 72' lang='lat' dir='ltr'>a</span> <span class='ocrx_word' id='word_1_32' title='bbox 68 737 165 820; x_wconf 90' lang='lat' dir='ltr'>datis,</span> <span class='ocrx_word' id='word_1_33' title='bbox 182 739 220 801; x_wconf 93' lang='lat' dir='ltr'>ut</span> <span class='ocrx_word' id='word_1_34' title='bbox 237 737 361 822; x_wconf 91' lang='lat' dir='ltr'>nuptiis</span> <span class='ocrx_word' id='word_1_35' title='bbox 376 758 449 801; x_wconf 89' lang='lat' dir='ltr'>eum</span> <span class='ocrx_word' id='word_1_36' title='bbox 465 737 685 802; x_wconf 77' lang='lat' dir='ltr'>sollemnitate</span> <span class='ocrx_word' id='word_1_37' title='bbox 703 737 843 822; x_wconf 81' lang='lat' dir='ltr'>peractis</span> <span class='ocrx_word' id='word_1_38' title='bbox 857 737 962 801; x_wconf 87' lang='lat' dir='ltr'>filiurn</span> <span class='ocrx_word' id='word_1_39' title='bbox 981 760 1086 820; x_wconf 90' lang='lat' dir='ltr'>suum,</span> 
     </span>
     <span class='ocr_line' id='line_1_7' title="bbox 68 825 1086 910; baseline 0 -20"><span class='ocrx_word' id='word_1_40' title='bbox 68 846 164 909; x_wconf 90' lang='lat' dir='ltr'>quem</span> <span class='ocrx_word' id='word_1_41' title='bbox 197 825 282 890; x_wconf 92' lang='lat' dir='ltr'>sicut</span> <span class='ocrx_word' id='word_1_42' title='bbox 313 847 347 890; x_wconf 91' lang='lat' dir='ltr'>se</span> <span class='ocrx_word' id='word_1_43' title='bbox 379 826 487 909; x_wconf 89' lang='lat' dir='ltr'>ipsum</span> <span class='ocrx_word' id='word_1_44' title='bbox 519 825 642 910; x_wconf 83' lang='lat' dir='ltr'>diligit,</span> <span class='ocrx_word' id='word_1_45' title='bbox 679 848 751 891; x_wconf 90' lang='lat' dir='ltr'>cum</span> <span class='ocrx_word' id='word_1_46' title='bbox 784 847 843 890; x_wconf 87' lang='lat' dir='ltr'>sua</span> <span class='ocrx_word' id='word_1_47' title='bbox 874 826 1011 910; x_wconf 79' lang='lat' dir='ltr'>coniuge</span> <span class='ocrx_word' id='word_1_48' title='bbox 1043 826 1086 890; x_wconf 89' lang='lat' dir='ltr'>ad</span> 
     </span>
     <span class='ocr_line' id='line_1_8' title="bbox 67 912 1086 999; baseline 0.001 -21"><span class='ocrx_word' id='word_1_49' title='bbox 67 912 208 978; x_wconf 87' lang='lat' dir='ltr'>Romam</span> <span class='ocrx_word' id='word_1_50' title='bbox 230 914 381 980; x_wconf 81' lang='lat' dir='ltr'>reducere</span> <span class='ocrx_word' id='word_1_51' title='bbox 404 914 589 999; x_wconf 83' lang='lat' dir='ltr'>debeamus,</span> <span class='ocrx_word' id='word_1_52' title='bbox 612 914 697 998; x_wconf 90' lang='lat' dir='ltr'>quod</span> <span class='ocrx_word' id='word_1_53' title='bbox 720 914 785 978; x_wconf 91' lang='lat' dir='ltr'>nisi</span> <span class='ocrx_word' id='word_1_54' title='bbox 807 914 979 980; x_wconf 87' lang='lat' dir='ltr'>fecerimus</span> <span class='ocrx_word' id='word_1_55' title='bbox 1002 914 1086 979; x_wconf 91' lang='lat' dir='ltr'>nihil</span> 
     </span>
     <span class='ocr_line' id='line_1_9' title="bbox 68 1002 1085 1087; baseline 0 -19"><span class='ocrx_word' id='word_1_56' title='bbox 68 1002 159 1068; x_wconf 82' lang='lat' dir='ltr'>aliud</span> <span class='ocrx_word' id='word_1_57' title='bbox 181 1003 276 1067; x_wconf 90' lang='lat' dir='ltr'>nobis</span> <span class='ocrx_word' id='word_1_58' title='bbox 296 1007 445 1086; x_wconf 88' lang='lat' dir='ltr'>superest</span> <span class='ocrx_word' id='word_1_59' title='bbox 462 1003 526 1068; x_wconf 90' lang='lat' dir='ltr'>nisi</span> <span class='ocrx_word' id='word_1_60' title='bbox 544 1004 638 1070; x_wconf 87' lang='lat' dir='ltr'>mori.</span> <span class='ocrx_word' id='word_1_61' title='bbox 671 1003 803 1068; x_wconf 87' lang='lat' dir='ltr'>Placeat</span> <span class='ocrx_word' id='word_1_62' title='bbox 821 1023 899 1087; x_wconf 79' lang='lat' dir='ltr'>ergo</span> <span class='ocrx_word' id='word_1_63' title='bbox 918 1003 1085 1068; x_wconf 86' lang='lat' dir='ltr'>maiestati</span> 
     </span>
     <span class='ocr_line' id='line_1_10' title="bbox 67 1091 1087 1176; baseline -0.001 -19"><span class='ocrx_word' id='word_1_64' title='bbox 67 1095 198 1157; x_wconf 84' lang='lat' dir='ltr'>restrae</span> <span class='ocrx_word' id='word_1_65' title='bbox 221 1091 324 1157; x_wconf 90' lang='lat' dir='ltr'>filiam</span> <span class='ocrx_word' id='word_1_66' title='bbox 347 1099 490 1158; x_wconf 88' lang='lat' dir='ltr'>vestram</span> <span class='ocrx_word' id='word_1_67' title='bbox 509 1113 581 1157; x_wconf 87' lang='lat' dir='ltr'>cum</span> <span class='ocrx_word' id='word_1_68' title='bbox 605 1113 663 1156; x_wconf 91' lang='lat' dir='ltr'>suo</span> <span class='ocrx_word' id='word_1_69' title='bbox 686 1091 756 1156; x_wconf 91' lang='lat' dir='ltr'>filio</span> <span class='ocrx_word' id='word_1_70' title='bbox 777 1092 943 1156; x_wconf 87' lang='lat' dir='ltr'>remittere</span> <span class='ocrx_word' id='word_1_71' title='bbox 966 1093 1087 1176; x_wconf 90' lang='lat' dir='ltr'>ipsam-</span> 
     </span>
     <span class='ocr_line' id='line_1_11' title="bbox 33 1180 1085 1266; baseline 0.007 -27"><span class='ocrx_word' id='word_1_72' title='bbox 33 1198 55 1239; x_wconf 83' lang='grc' dir='ltr'>ιο</span> <span class='ocrx_word' id='word_1_73' title='bbox 68 1202 130 1266; x_wconf 90' lang='lat' dir='ltr'>que</span> <span class='ocrx_word' id='word_1_74' title='bbox 158 1180 253 1246; x_wconf 90' lang='lat' dir='ltr'>nobis</span> <span class='ocrx_word' id='word_1_75' title='bbox 282 1181 366 1246; x_wconf 88' lang='lat' dir='ltr'>sicut</span> <span class='ocrx_word' id='word_1_76' title='bbox 351 1181 430 1246; x_wconf 89' lang='lat' dir='ltr'>tde</span> <span class='ocrx_word' id='word_1_77' title='bbox 458 1180 526 1246; x_wconf 92' lang='lat' dir='ltr'>filio</span> <span class='ocrx_word' id='word_1_78' title='bbox 555 1202 613 1245; x_wconf 91' lang='lat' dir='ltr'>suo</span> <span class='ocrx_word' id='word_1_79' title='bbox 637 1181 752 1246; x_wconf 88' lang='lat' dir='ltr'>fecitt</span> <span class='ocrx_word' id='word_1_80' title='bbox 737 1181 837 1244; x_wconf 91' lang='lat' dir='ltr'>tradit</span> <span class='ocrx_word' id='word_1_81' title='bbox 822 1183 892 1244; x_wconf 90' lang='lat' dir='ltr'>tam</span> <span class='ocrx_word' id='word_1_82' title='bbox 920 1181 960 1245; x_wconf 88' lang='lat' dir='ltr'>ad</span> <span class='ocrx_word' id='word_1_83' title='bbox 983 1203 1085 1246; x_wconf 88' lang='lat' dir='ltr'>reces-</span> 
     </span>
     <span class='ocr_line' id='line_1_12' title="bbox 68 1270 1086 1355; baseline 0.002 -21"><span class='ocrx_word' id='word_1_84' title='bbox 68 1291 141 1334; x_wconf 87' lang='lat' dir='ltr'>sum</span> <span class='ocrx_word' id='word_1_85' title='bbox 165 1270 249 1334; x_wconf 90' lang='lat' dir='ltr'>sicut</span> <span class='ocrx_word' id='word_1_86' title='bbox 272 1270 409 1334; x_wconf 88' lang='lat' dir='ltr'>ma1est</span> <span class='ocrx_word' id='word_1_87' title='bbox 409 1271 436 1334; x_wconf 94' lang='lat' dir='ltr'>t</span> <span class='ocrx_word' id='word_1_88' title='bbox 456 1273 585 1335; x_wconf 89' lang='lat' dir='ltr'>vestrae</span> <span class='ocrx_word' id='word_1_89' title='bbox 607 1270 784 1353; x_wconf 90' lang='lat' dir='ltr'>placuitet</span> <span class='ocrx_word' id='word_1_90' title='bbox 750 1290 981 1355; x_wconf 85' lang='lat' dir='ltr'>econgruere</span> <span class='ocrx_word' id='word_1_91' title='bbox 999 1270 1086 1336; x_wconf 84' lang='lat' dir='ltr'>vide-</span> 
     </span>
     <span class='ocr_line' id='line_1_13' title="bbox 66 1357 472 1443; baseline -0.005 -19"><span class='ocrx_word' id='word_1_92' title='bbox 66 1358 158 1424; x_wconf 86' lang='lat' dir='ltr'>bitur</span> <span class='ocrx_word' id='word_1_93' title='bbox 181 1359 277 1423; x_wconf 89' lang='lat' dir='ltr'>citius</span> <span class='ocrx_word' id='word_1_94' title='bbox 301 1357 472 1443; x_wconf 86' lang='lat' dir='ltr'>expedire’.</span> 
     </span>
     <span class='ocr_line' id='line_1_14' title="bbox 156 1444 1141 1532; baseline -0.004 -21"><span class='ocrx_word' id='word_1_95' title='bbox 156 1445 340 1531; x_wconf 85' lang='lat' dir='ltr'>Imperator</span> <span class='ocrx_word' id='word_1_96' title='bbox 365 1447 420 1512; x_wconf 93' lang='lat' dir='ltr'>his</span> <span class='ocrx_word' id='word_1_97' title='bbox 449 1447 568 1512; x_wconf 87' lang='lat' dir='ltr'>auditis</span> <span class='ocrx_word' id='word_1_98' title='bbox 595 1469 661 1512; x_wconf 87' lang='lat' dir='ltr'>una</span> <span class='ocrx_word' id='word_1_99' title='bbox 689 1468 762 1512; x_wconf 91' lang='lat' dir='ltr'>cum</span> <span class='ocrx_word' id='word_1_100' title='bbox 792 1448 999 1532; x_wconf 88' lang='lat' dir='ltr'>imperatrice</span> <span class='ocrx_word' id='word_1_101' title='bbox 1027 1444 1141 1512; x_wconf 84' lang='lat' dir='ltr'>sua13</span> 
     </span>
     <span class='ocr_line' id='line_1_15' title="bbox 68 1535 1085 1620; baseline 0 -19"><span class='ocrx_word' id='word_1_102' title='bbox 68 1536 207 1620; x_wconf 82' lang='lat' dir='ltr'>coniuge</span> <span class='ocrx_word' id='word_1_103' title='bbox 231 1535 407 1620; x_wconf 87' lang='lat' dir='ltr'>stupefacti</span> <span class='ocrx_word' id='word_1_104' title='bbox 430 1540 463 1602; x_wconf 90' lang='lat' dir='ltr'>et</span> <span class='ocrx_word' id='word_1_105' title='bbox 486 1536 669 1601; x_wconf 84' lang='lat' dir='ltr'>dotalibus</span> <span class='ocrx_word' id='word_1_106' title='bbox 692 1536 831 1600; x_wconf 84' lang='lat' dir='ltr'>novibus</span> <span class='ocrx_word' id='word_1_107' title='bbox 854 1538 993 1601; x_wconf 90' lang='lat' dir='ltr'>nimium</span> <span class='ocrx_word' id='word_1_108' title='bbox 1012 1558 1085 1601; x_wconf 91' lang='lat' dir='ltr'>con·</span> 
     </span>
     <span class='ocr_line' id='line_1_16' title="bbox 29 1623 1087 1710; baseline -0.001 -19"><span class='ocrx_word' id='word_1_109' title='bbox 29 1641 54 1683; x_wconf 79' lang='lat'>1⁶</span> <span class='ocrx_word' id='word_1_110' title='bbox 67 1625 194 1691; x_wconf 89' lang='lat' dir='ltr'>tristati</span> <span class='ocrx_word' id='word_1_111' title='bbox 208 1628 385 1710; x_wconf 88' lang='lat' dir='ltr'>coeperunt</span> <span class='ocrx_word' id='word_1_112' title='bbox 401 1625 488 1690; x_wconf 91' lang='lat' dir='ltr'>inter</span> <span class='ocrx_word' id='word_1_113' title='bbox 505 1647 539 1690; x_wconf 89' lang='lat' dir='ltr'>se</span> <span class='ocrx_word' id='word_1_114' title='bbox 557 1624 675 1690; x_wconf 88' lang='lat' dir='ltr'>dicere:</span> <span class='ocrx_word' id='word_1_115' title='bbox 697 1623 876 1700; x_wconf 77' lang='lat' dir='ltr'>‘Quomodo</span> <span class='ocrx_word' id='word_1_116' title='bbox 894 1647 955 1690; x_wconf 92' lang='lat' dir='ltr'>nos</span> <span class='ocrx_word' id='word_1_117' title='bbox 974 1626 1087 1690; x_wconf 91' lang='lat' dir='ltr'>miseri</span> 
     </span>
     <span class='ocr_line' id='line_1_17' title="bbox 68 1713 1087 1800; baseline -0.001 -21"><span class='ocrx_word' id='word_1_118' title='bbox 68 1715 125 1800; x_wconf 90' lang='lat' dir='ltr'>qui</span> <span class='ocrx_word' id='word_1_119' title='bbox 138 1717 268 1780; x_wconf 88' lang='lat' dir='ltr'>tanturn</span> <span class='ocrx_word' id='word_1_120' title='bbox 282 1715 412 1779; x_wconf 90' lang='lat' dir='ltr'>unicam</span> <span class='ocrx_word' id='word_1_121' title='bbox 426 1715 585 1779; x_wconf 89' lang='lat' dir='ltr'>habemus</span> <span class='ocrx_word' id='word_1_122' title='bbox 600 1714 702 1778; x_wconf 90' lang='lat' dir='ltr'>filiam</span> <span class='ocrx_word' id='word_1_123' title='bbox 716 1713 878 1798; x_wconf 89' lang='lat' dir='ltr'>heredem,</span> <span class='ocrx_word' id='word_1_124' title='bbox 894 1713 934 1778; x_wconf 90' lang='lat' dir='ltr'>de</span> <span class='ocrx_word' id='word_1_125' title='bbox 949 1714 1087 1779; x_wconf 91' lang='lat' dir='ltr'>duorum</span> 
     </span>
     <span class='ocr_line' id='line_1_18' title="bbox 66 1803 1086 1871; baseline -0.001 -4"><span class='ocrx_word' id='word_1_126' title='bbox 66 1803 239 1869; x_wconf 90' lang='lat' dir='ltr'>hominum</span> <span class='ocrx_word' id='word_1_127' title='bbox 263 1807 489 1868; x_wconf 87' lang='lat' dir='ltr'>extraneorum</span> <span class='ocrx_word' id='word_1_128' title='bbox 513 1803 693 1868; x_wconf 87' lang='lat' dir='ltr'>assertione</span> <span class='ocrx_word' id='word_1_129' title='bbox 715 1803 750 1871; x_wconf 90' lang='lat' dir='ltr'>in</span> <span class='ocrx_word' id='word_1_130' title='bbox 773 1805 903 1867; x_wconf 84' lang='lat' dir='ltr'>tantum</span> <span class='ocrx_word' id='word_1_131' title='bbox 926 1803 1086 1868; x_wconf 85' lang='lat' dir='ltr'>confidere</span> 
     </span>
     <span class='ocr_line' id='line_1_19' title="bbox 67 1891 1087 1976; baseline -0.002 -18"><span class='ocrx_word' id='word_1_132' title='bbox 67 1913 255 1976; x_wconf 85' lang='lat' dir='ltr'>possumus,</span> <span class='ocrx_word' id='word_1_133' title='bbox 288 1893 374 1976; x_wconf 90' lang='lat' dir='ltr'>quod</span> <span class='ocrx_word' id='word_1_134' title='bbox 405 1891 507 1956; x_wconf 86' lang='lat' dir='ltr'>filiam</span> <span class='ocrx_word' id='word_1_135' title='bbox 536 1894 685 1956; x_wconf 90' lang='lat' dir='ltr'>nostram</span> <span class='ocrx_word' id='word_1_136' title='bbox 716 1912 814 1975; x_wconf 91' lang='lat' dir='ltr'>quam</span> <span class='ocrx_word' id='word_1_137' title='bbox 847 1891 930 1956; x_wconf 90' lang='lat' dir='ltr'>sicut</span> <span class='ocrx_word' id='word_1_138' title='bbox 959 1893 1087 1956; x_wconf 84' lang='lat' dir='ltr'>animas</span> 
     </span>
     <span class='ocr_line' id='line_1_20' title="bbox 66 1980 1087 2066; baseline -0.003 -19"><span class='ocrx_word' id='word_1_139' title='bbox 66 1984 199 2047; x_wconf 87' lang='lat' dir='ltr'>nostras</span> <span class='ocrx_word' id='word_1_140' title='bbox 218 1980 384 2066; x_wconf 82' lang='lat' dir='ltr'>diligimus</span> <span class='ocrx_word' id='word_1_141' title='bbox 404 2001 564 2064; x_wconf 88' lang='lat' dir='ltr'>quamque</span> <span class='ocrx_word' id='word_1_142' title='bbox 583 1980 618 2043; x_wconf 91' lang='lat' dir='ltr'>in</span> <span class='ocrx_word' id='word_1_143' title='bbox 636 1980 761 2063; x_wconf 81' lang='lat' dir='ltr'>gremio</span> <span class='ocrx_word' id='word_1_144' title='bbox 786 1980 954 2064; x_wconf 84' lang='lat' dir='ltr'>sanguinis</span> <span class='ocrx_word' id='word_1_145' title='bbox 978 1980 1087 2046; x_wconf 86' lang='lat' dir='ltr'>cordis</span> 
     </span>
     <span class='ocr_line' id='line_1_21' title="bbox 26 2068 1086 2136; baseline -0.001 -2"><span class='ocrx_word' id='word_1_146' title='bbox 26 2087 54 2128; x_wconf 57' lang='grc' dir='ltr'>πο</span> <span class='ocrx_word' id='word_1_147' title='bbox 66 2070 175 2136; x_wconf 91' lang='lat' dir='ltr'>nostri</span> <span class='ocrx_word' id='word_1_148' title='bbox 193 2070 406 2135; x_wconf 88' lang='lat' dir='ltr'>enutrivimus</span> <span class='ocrx_word' id='word_1_149' title='bbox 425 2070 535 2134; x_wconf 89' lang='lat' dir='ltr'>lumen</span> <span class='ocrx_word' id='word_1_150' title='bbox 553 2068 720 2133; x_wconf 90' lang='lat' dir='ltr'>oculorum</span> <span class='ocrx_word' id='word_1_151' title='bbox 738 2072 925 2133; x_wconf 88' lang='lat' dir='ltr'>nostrorum</span> <span class='ocrx_word' id='word_1_152' title='bbox 940 2073 973 2134; x_wconf 94' lang='lat' dir='ltr'>et</span> <span class='ocrx_word' id='word_1_153' title='bbox 991 2069 1086 2133; x_wconf 87' lang='lat' dir='ltr'>bacu-</span> 
     </span>
     <span class='ocr_line' id='line_1_22' title="bbox 67 2157 1088 2241; baseline -0.001 -18"><span class='ocrx_word' id='word_1_154' title='bbox 67 2159 136 2224; x_wconf 92' lang='lat' dir='ltr'>lum</span> <span class='ocrx_word' id='word_1_155' title='bbox 169 2159 345 2223; x_wconf 88' lang='lat' dir='ltr'>senectutis</span> <span class='ocrx_word' id='word_1_156' title='bbox 372 2162 502 2223; x_wconf 84' lang='lat' dir='ltr'>nostrae</span> <span class='ocrx_word' id='word_1_157' title='bbox 534 2178 707 2241; x_wconf 90' lang='lat' dir='ltr'>possumus</span> <span class='ocrx_word' id='word_1_158' title='bbox 735 2179 755 2220; x_wconf 90' lang='lat' dir='ltr'>a</span> <span class='ocrx_word' id='word_1_159' title='bbox 783 2157 880 2222; x_wconf 90' lang='lat' dir='ltr'>nobis</span> <span class='ocrx_word' id='word_1_160' title='bbox 911 2179 1013 2241; x_wconf 92' lang='lat' dir='ltr'>usque</span> <span class='ocrx_word' id='word_1_161' title='bbox 1046 2158 1088 2222; x_wconf 91' lang='lat' dir='ltr'>ad</span> 
     </span>
     <span class='ocr_line' id='line_1_23' title="bbox 67 2242 1087 2332; baseline -0.004 -17"><span class='ocrx_word' id='word_1_162' title='bbox 67 2242 197 2315; x_wconf 82' lang='lat' dir='ltr'>tantam</span> <span class='ocrx_word' id='word_1_163' title='bbox 227 2248 289 2312; x_wconf 92' lang='lat' dir='ltr'>loci</span> <span class='ocrx_word' id='word_1_164' title='bbox 312 2247 502 2311; x_wconf 86' lang='lat' dir='ltr'>distantiam</span> <span class='ocrx_word' id='word_1_165' title='bbox 526 2266 698 2330; x_wconf 79' lang='lat' dir='ltr'>segregare</span> <span class='ocrx_word' id='word_1_166' title='bbox 720 2246 916 2331; x_wconf 88' lang='lat' dir='ltr'>nescientes,</span> <span class='ocrx_word' id='word_1_167' title='bbox 944 2248 971 2311; x_wconf 89' lang='lat' dir='ltr'>si</span> <span class='ocrx_word' id='word_1_168' title='bbox 995 2246 1087 2332; x_wconf 82' lang='lat' dir='ltr'>longi</span> 
     </span>
     <span class='ocr_line' id='line_1_24' title="bbox 67 2335 1088 2420; baseline -0.001 -20"><span class='ocrx_word' id='word_1_169' title='bbox 67 2337 192 2420; x_wconf 83' lang='lat' dir='ltr'>latique</span> <span class='ocrx_word' id='word_1_170' title='bbox 206 2336 305 2400; x_wconf 90' lang='lat' dir='ltr'>maris</span> <span class='ocrx_word' id='word_1_171' title='bbox 323 2335 508 2400; x_wconf 89' lang='lat' dir='ltr'>intermedii</span> <span class='ocrx_word' id='word_1_172' title='bbox 525 2335 749 2399; x_wconf 88' lang='lat' dir='ltr'>transfretatio</span> <span class='ocrx_word' id='word_1_173' title='bbox 763 2357 821 2399; x_wconf 89' lang='lat' dir='ltr'>seu</span> <span class='ocrx_word' id='word_1_174' title='bbox 834 2335 961 2400; x_wconf 88' lang='lat' dir='ltr'>viarum</span> <span class='ocrx_word' id='word_1_175' title='bbox 976 2335 1088 2400; x_wconf 90' lang='lat' dir='ltr'>discri-</span> 
     </span>
     <span class='ocr_line' id='line_1_25' title="bbox 68 2423 1087 2509; baseline -0.002 -18"><span class='ocrx_word' id='word_1_176' title='bbox 68 2425 160 2491; x_wconf 88' lang='lat' dir='ltr'>mina</span> <span class='ocrx_word' id='word_1_177' title='bbox 173 2425 441 2509; x_wconf 81' lang='lat' dir='ltr'>longissimarum</span> <span class='ocrx_word' id='word_1_178' title='bbox 454 2425 554 2488; x_wconf 85' lang='lat' dir='ltr'>talem</span> <span class='ocrx_word' id='word_1_179' title='bbox 567 2423 706 2488; x_wconf 87' lang='lat' dir='ltr'>fortasse</span> <span class='ocrx_word' id='word_1_180' title='bbox 722 2445 814 2488; x_wconf 88' lang='lat' dir='ltr'>casus</span> <span class='ocrx_word' id='word_1_181' title='bbox 830 2427 980 2488; x_wconf 88' lang='lat' dir='ltr'>eventum</span> <span class='ocrx_word' id='word_1_182' title='bbox 995 2446 1087 2508; x_wconf 92' lang='lat' dir='ltr'>prae·</span> 
     </span>
     <span class='ocr_line' id='line_1_26' title="bbox 26 2511 1088 2598; baseline 0.003 -25"><span class='ocrx_word' id='word_1_183' title='bbox 26 2531 54 2573; x_wconf 77' lang='lat' dir='ltr'>as</span> <span class='ocrx_word' id='word_1_184' title='bbox 67 2514 158 2598; x_wconf 88' lang='lat' dir='ltr'>beat,</span> <span class='ocrx_word' id='word_1_185' title='bbox 195 2518 233 2577; x_wconf 89' lang='lat' dir='ltr'>ut</span> <span class='ocrx_word' id='word_1_186' title='bbox 263 2513 364 2577; x_wconf 90' lang='lat' dir='ltr'>filiam</span> <span class='ocrx_word' id='word_1_187' title='bbox 395 2516 543 2577; x_wconf 85' lang='lat' dir='ltr'>nostram</span> <span class='ocrx_word' id='word_1_188' title='bbox 580 2511 826 2577; x_wconf 86' lang='lat' dir='ltr'>dilectissimam</span> <span class='ocrx_word' id='word_1_189' title='bbox 860 2534 951 2596; x_wconf 90' lang='lat' dir='ltr'>spem</span> <span class='ocrx_word' id='word_1_190' title='bbox 982 2513 1088 2577; x_wconf 89' lang='lat' dir='ltr'>totius</span> 
     </span>
     <span class='ocr_line' id='line_1_27' title="bbox 67 2600 1088 2683; baseline -0.004 -14"><span class='ocrx_word' id='word_1_191' title='bbox 67 2602 184 2669; x_wconf 88' lang='lat' dir='ltr'>solacii</span> <span class='ocrx_word' id='word_1_192' title='bbox 205 2601 310 2667; x_wconf 87' lang='lat' dir='ltr'>nostri</span> <span class='ocrx_word' id='word_1_193' title='bbox 328 2602 363 2665; x_wconf 89' lang='lat' dir='ltr'>in</span> <span class='ocrx_word' id='word_1_194' title='bbox 380 2601 443 2666; x_wconf 91' lang='lat' dir='ltr'>hoo</span> <span class='ocrx_word' id='word_1_195' title='bbox 461 2600 589 2665; x_wconf 90' lang='lat' dir='ltr'>saeculo</span> <span class='ocrx_word' id='word_1_196' title='bbox 607 2621 775 2683; x_wconf 90' lang='lat' dir='ltr'>nunquam</span> <span class='ocrx_word' id='word_1_197' title='bbox 793 2601 903 2665; x_wconf 87' lang='lat' dir='ltr'>vivam</span> <span class='ocrx_word' id='word_1_198' title='bbox 921 2601 961 2664; x_wconf 91' lang='lat' dir='ltr'>de</span> <span class='ocrx_word' id='word_1_199' title='bbox 979 2603 1088 2666; x_wconf 87' lang='lat' dir='ltr'>cetero</span> 
     </span>
     <span class='ocr_line' id='line_1_28' title="bbox 65 2688 1089 2773; baseline -0.002 -17"><span class='ocrx_word' id='word_1_200' title='bbox 65 2691 191 2759; x_wconf 88' lang='lat' dir='ltr'>nostris</span> <span class='ocrx_word' id='word_1_201' title='bbox 205 2692 308 2756; x_wconf 91' lang='lat' dir='ltr'>oculis</span> <span class='ocrx_word' id='word_1_202' title='bbox 327 2689 529 2755; x_wconf 71' lang='lat' dir='ltr'>uideamus?⁹</span> <span class='ocrx_word' id='word_1_203' title='bbox 563 2688 602 2754; x_wconf 76' lang='lat'>‘0</span> <span class='ocrx_word' id='word_1_204' title='bbox 624 2689 662 2773; x_wconf 92' lang='lat' dir='ltr'>si,</span> <span class='ocrx_word' id='word_1_205' title='bbox 681 2690 767 2773; x_wconf 92' lang='lat' dir='ltr'>quod</span> <span class='ocrx_word' id='word_1_206' title='bbox 786 2689 882 2767; x_wconf 90' lang='lat' dir='ltr'>absit,</span> <span class='ocrx_word' id='word_1_207' title='bbox 901 2689 983 2753; x_wconf 88' lang='lat' dir='ltr'>talia</span> <span class='ocrx_word' id='word_1_208' title='bbox 1000 2711 1089 2754; x_wconf 88' lang='lat' dir='ltr'>nova</span> 
     </span>
     <span class='ocr_line' id='line_1_29' title="bbox 66 2777 1087 2933; baseline -0.003 -87"><span class='ocrx_word' id='word_1_209' title='bbox 66 2779 268 2933; x_wconf 85' lang='lat' dir='ltr'>reciperem,</span> <span class='ocrx_word' id='word_1_210' title='bbox 286 2781 393 2864; x_wconf 91' lang='lat' dir='ltr'>inquit</span> <span class='ocrx_word' id='word_1_211' title='bbox 411 2783 525 2862; x_wconf 90' lang='lat' dir='ltr'>mater,</span> <span class='ocrx_word' id='word_1_212' title='bbox 544 2777 634 2863; x_wconf 90' lang='lat' dir='ltr'>quid</span> <span class='ocrx_word' id='word_1_213' title='bbox 654 2778 743 2843; x_wconf 85' lang='lat' dir='ltr'>aliud</span> <span class='ocrx_word' id='word_1_214' title='bbox 760 2781 898 2843; x_wconf 87' lang='lat' dir='ltr'>restaret</span> <span class='ocrx_word' id='word_1_215' title='bbox 915 2778 980 2842; x_wconf 89' lang='lat' dir='ltr'>nisi</span> <span class='ocrx_word' id='word_1_216' title='bbox 999 2779 1087 2862; x_wconf 92' lang='lat' dir='ltr'>quod</span> 
     </span>
     <span class='ocr_line' id='line_1_30' title="bbox 65 2865 1087 2969; baseline -0.004 -34"><span class='ocrx_word' id='word_1_217' title='bbox 65 2892 120 2935; x_wconf 91' lang='lat' dir='ltr'>me</span> <span class='ocrx_word' id='word_1_218' title='bbox 144 2869 261 2934; x_wconf 90' lang='lat' dir='ltr'>merito</span> <span class='ocrx_word' id='word_1_219' title='bbox 289 2890 349 2954; x_wconf 90' lang='lat' dir='ltr'>pro</span> <span class='ocrx_word' id='word_1_220' title='bbox 372 2868 484 2933; x_wconf 89' lang='lat' dir='ltr'>dolore</span> <span class='ocrx_word' id='word_1_221' title='bbox 506 2865 727 2952; x_wconf 82' lang='lat' dir='ltr'>iugularem?&#39;</span> <span class='ocrx_word' id='word_1_222' title='bbox 768 2867 953 2969; x_wconf 87' lang='lat' dir='ltr'>Imperator</span> <span class='ocrx_word' id='word_1_223' title='bbox 976 2870 1087 2932; x_wconf 88' lang='lat' dir='ltr'>autem</span> 
     </span>
     <span class='ocr_line' id='line_1_31' title="bbox 29 2956 1088 3058; baseline -0.001 -37"><span class='ocrx_word' id='word_1_224' title='bbox 29 2977 128 3024; x_wconf 79' lang='lat' dir='ltr'>conec</span> <span class='ocrx_word' id='word_1_225' title='bbox 156 2979 310 3024; x_wconf 90' lang='lat' dir='ltr'>coronam</span> <span class='ocrx_word' id='word_1_226' title='bbox 337 2957 539 3043; x_wconf 87' lang='lat' dir='ltr'>imperialem</span> <span class='ocrx_word' id='word_1_227' title='bbox 568 2978 626 3021; x_wconf 91' lang='lat' dir='ltr'>suo</span> <span class='ocrx_word' id='word_1_228' title='bbox 655 2956 797 3040; x_wconf 88' lang='lat' dir='ltr'>capiti</span> <span class='ocrx_word' id='word_1_229' title='bbox 788 2977 954 3058; x_wconf 88' lang='lat' dir='ltr'>1mponere</span> <span class='ocrx_word' id='word_1_230' title='bbox 985 2957 1088 3020; x_wconf 90' lang='lat' dir='ltr'>immo</span> 
     </span>
     <span class='ocr_line' id='line_1_32' title="bbox 63 3045 1088 3130; baseline -0.003 -18"><span class='ocrx_word' id='word_1_231' title='bbox 63 3069 127 3113; x_wconf 89' lang='lat' dir='ltr'>nec</span> <span class='ocrx_word' id='word_1_232' title='bbox 155 3047 240 3113; x_wconf 91' lang='lat' dir='ltr'>sicut</span> <span class='ocrx_word' id='word_1_233' title='bbox 265 3047 365 3112; x_wconf 90' lang='lat' dir='ltr'>homo</span> <span class='ocrx_word' id='word_1_234' title='bbox 392 3047 518 3111; x_wconf 85' lang='lat' dir='ltr'>ratione</span> <span class='ocrx_word' id='word_1_235' title='bbox 545 3049 640 3110; x_wconf 88' lang='lat' dir='ltr'>utens</span> <span class='ocrx_word' id='word_1_236' title='bbox 668 3045 845 3130; x_wconf 90' lang='lat' dir='ltr'>pedibus</span> <span class='ocrx_word' id='word_1_237' title='bbox 836 3067 871 3109; x_wconf 89' lang='lat' dir='ltr'>m</span> <span class='ocrx_word' id='word_1_238' title='bbox 902 3049 991 3111; x_wconf 87' lang='lat' dir='ltr'>terra</span> <span class='ocrx_word' id='word_1_239' title='bbox 1020 3068 1088 3110; x_wconf 89' lang='lat' dir='ltr'>arn·</span> 
     </span>
     <span class='ocr_line' id='line_1_33' title="bbox 65 3134 1088 3202; baseline -0.004 0"><span class='ocrx_word' id='word_1_240' title='bbox 65 3137 182 3202; x_wconf 80' lang='lat' dir='ltr'>bulare</span> <span class='ocrx_word' id='word_1_241' title='bbox 201 3136 258 3202; x_wconf 92' lang='lat' dir='ltr'>sed</span> <span class='ocrx_word' id='word_1_242' title='bbox 277 3136 362 3202; x_wconf 88' lang='lat' dir='ltr'>sicut</span> <span class='ocrx_word' id='word_1_243' title='bbox 380 3135 503 3200; x_wconf 90' lang='lat' dir='ltr'>animal</span> <span class='ocrx_word' id='word_1_244' title='bbox 523 3138 619 3200; x_wconf 87' lang='lat' dir='ltr'>cunct</span> <span class='ocrx_word' id='word_1_245' title='bbox 619 3135 647 3200; x_wconf 90' lang='lat' dir='ltr'>is</span> <span class='ocrx_word' id='word_1_246' title='bbox 604 3134 868 3199; x_wconf 88' lang='lat' dir='ltr'>thorrendum</span> <span class='ocrx_word' id='word_1_247' title='bbox 888 3155 1088 3200; x_wconf 83' lang='lat' dir='ltr'>venenosum</span> 
     </span>
    </p>
   </div>
   <div class='ocr_carea' id='block_1_3' title="bbox 65 3289 1087 3501">
    <p class='ocr_par' dir='ltr' id='par_1_3' title="bbox 65 3289 1087 3493">
     <span class='ocr_line' id='line_1_34' title="bbox 139 3289 1087 3364; baseline -0.002 -15"><span class='ocrx_word' id='word_1_248' title='bbox 139 3301 157 3349; x_wconf 78' lang='lat'>5</span> <span class='ocrx_word' id='word_1_249' title='bbox 177 3291 388 3364; x_wconf 86' lang='lat' dir='ltr'>sollempnitate</span> <span class='ocrx_word' id='word_1_250' title='bbox 406 3292 482 3348; x_wconf 86' lang='lat' dir='ltr'>codd</span> <span class='ocrx_word' id='word_1_251' title='bbox 576 3289 698 3373; x_wconf 73' lang='lat' dir='ltr'>*lniehil</span> <span class='ocrx_word' id='word_1_252' title='bbox 716 3291 793 3347; x_wconf 84' lang='lat' dir='ltr'>codd.</span> <span class='ocrx_word' id='word_1_253' title='bbox 883 3298 914 3346; x_wconf 84' lang='lat'>13</span> <span class='ocrx_word' id='word_1_254' title='bbox 934 3290 990 3345; x_wconf 86' lang='lat' dir='ltr'>hiis</span> <span class='ocrx_word' id='word_1_255' title='bbox 1009 3293 1087 3346; x_wconf 73' lang='lat' dir='ltr'>codd,</span> 
     </span>
     <span class='ocr_line' id='line_1_35' title="bbox 68 3361 1086 3434; baseline -0.008 -11"><span class='ocrx_word' id='word_1_256' title='bbox 68 3373 104 3423; x_wconf 77' lang='lat'>14</span> <span class='ocrx_word' id='word_1_257' title='bbox 120 3365 242 3420; x_wconf 85' lang='lat' dir='ltr'>novibus</span> <span class='ocrx_word' id='word_1_258' title='bbox 261 3367 337 3421; x_wconf 86' lang='lat' dir='ltr'>codd</span> <span class='ocrx_word' id='word_1_259' title='bbox 358 3366 389 3434; x_wconf 85' lang='lat'>(1)</span> <span class='ocrx_word' id='word_1_260' title='bbox 467 3370 499 3419; x_wconf 84' lang='lat'>19</span> <span class='ocrx_word' id='word_1_261' title='bbox 519 3362 664 3432; x_wconf 80' lang='lat' dir='ltr'>sanguinis</span> <span class='ocrx_word' id='word_1_262' title='bbox 688 3379 737 3419; x_wconf 85' lang='lat' dir='ltr'>om.</span> <span class='ocrx_word' id='word_1_263' title='bbox 755 3361 795 3416; x_wconf 83' lang='lat' dir='ltr'>F.</span> <span class='ocrx_word' id='word_1_264' title='bbox 869 3369 903 3417; x_wconf 79' lang='lat'>20</span> <span class='ocrx_word' id='word_1_265' title='bbox 927 3365 956 3416; x_wconf 90' lang='lat' dir='ltr'>et</span> <span class='ocrx_word' id='word_1_266' title='bbox 980 3379 1030 3417; x_wconf 84' lang='lat' dir='ltr'>om.</span> <span class='ocrx_word' id='word_1_267' title='bbox 1049 3363 1086 3415; x_wconf 86' lang='lat' dir='ltr'><em>F</em></span> 
     </span>
     <span class='ocr_line' id='line_1_36' title="bbox 65 3433 1086 3501; baseline -0.004 -8"><span class='ocrx_word' id='word_1_268' title='bbox 65 3444 102 3493; x_wconf 74' lang='lat'>22</span> <span class='ocrx_word' id='word_1_269' title='bbox 128 3435 294 3492; x_wconf 67' lang='lat' dir='ltr'>tantalus</span> <span class='ocrx_word' id='word_1_270' title='bbox 320 3434 488 3490; x_wconf 81' lang='lat' dir='ltr'>distansiam</span> <span class='ocrx_word' id='word_1_271' title='bbox 512 3435 556 3501; x_wconf 89' lang='lat' dir='ltr'>D,</span> <span class='ocrx_word' id='word_1_272' title='bbox 582 3436 663 3488; x_wconf 85' lang='lat' dir='ltr'>tanta</span> <span class='ocrx_word' id='word_1_273' title='bbox 684 3433 741 3488; x_wconf 91' lang='lat' dir='ltr'>loci</span> <span class='ocrx_word' id='word_1_274' title='bbox 763 3433 904 3488; x_wconf 80' lang='lat' dir='ltr'>distansia</span> <span class='ocrx_word' id='word_1_275' title='bbox 924 3434 961 3488; x_wconf 74' lang='lat' dir='ltr'>F.</span> <span class='ocrx_word' id='word_1_276' title='bbox 1053 3439 1086 3489; x_wconf 80' lang='lat'>29</span> 
     </span>
    </p>
   </div>
   <div class='ocr_carea' id='block_1_4' title="bbox 65 3507 745 3578">
    <p class='ocr_par' dir='ltr' id='par_1_4' title="bbox 65 3507 745 3578">
     <span class='ocr_line' id='line_1_37' title="bbox 65 3507 745 3578; baseline -0.003 -15"><span class='ocrx_word' id='word_1_277' title='bbox 65 3509 202 3564; x_wconf 89' lang='lat' dir='ltr'>merito</span> <span class='ocrx_word' id='word_1_278' title='bbox 188 3525 222 3562; x_wconf 82' lang='lat' dir='ltr'>m</span> <span class='ocrx_word' id='word_1_279' title='bbox 239 3508 270 3562; x_wconf 90' lang='lat' dir='ltr'><em>D</em></span> <span class='ocrx_word' id='word_1_280' title='bbox 287 3510 425 3578; x_wconf 77' lang='lat' dir='ltr'>repetitur.</span> <span class='ocrx_word' id='word_1_281' title='bbox 501 3513 534 3562; x_wconf 80' lang='lat'>30</span> <span class='ocrx_word' id='word_1_282' title='bbox 552 3522 647 3576; x_wconf 72' lang='lat' dir='ltr'>ymmo</span> <span class='ocrx_word' id='word_1_283' title='bbox 666 3507 745 3562; x_wconf 82' lang='lat' dir='ltr'>codd.</span> 
     </span>
    </p>
   </div>
   <div class='ocr_carea' id='block_1_5' title="bbox 0 0 1184 3846">
    <p class='ocr_par' dir='ltr' id='par_1_5' title="bbox 0 0 1184 3846">
     <span class='ocr_line' id='line_1_38' title="bbox 0 0 1184 3846; baseline 0 0"><span class='ocrx_word' id='word_1_284' title='bbox 0 0 1184 3846; x_wconf 95' lang='lat' dir='ltr'> </span> 
     </span>
    </p>
   </div>
  </div>
 </body>
</html>
