2356 3846
241 150 496 208 masculanum
513 151 726 208 manuum
745 153 792 222 VI,
810 158 835 207 6.
856 159 879 209 l.
1003 151 1064 215 131

51 296 187 362 barbari
205 297 327 380 territi,
346 295 478 361 emuris
498 297 630 380 supinas
649 318 763 363 manus
775 297 959 380 tendentes,
974 319 1067 361 orare

53 389 245 469 coeperunt,
265 386 349 450 iram
367 385 402 450 in
419 381 664 467 Satibarzanen,
686 385 875 450 defectionis
894 390 1067 469 auctorem,

53 478 251 558 reservaret,
270 473 468 558 supplicibus
484 478 587 538 semet
599 473 789 542 dedentibus
809 478 964 557 parceret.
997 474 1066 539 Rex

53 562 133 627 daia
160 563 255 628 venia
281 584 349 627 non
376 561 578 628 obsidionem
605 562 701 627 modo
730 562 841 646 solvit,
874 563 929 628 sed
958 563 1068 629 omnia

55 673 116 717 sua
138 651 254 716 incolis
276 650 424 716 reddidit

145 739 197 803 Ab
214 739 276 804 bac
288 739 368 804 urbe
383 739 528 822 digresso
544 738 803 822 supplementum
814 761 971 804 novorum
986 740 1068 804 mili·
1086 755 1120 805 35

54 833 126 892 tum
150 828 298 893 occurrit
334 826 442 892 Zoilus
461 845 485 891 D
510 827 633 912 equites
657 848 695 891 ex
719 827 854 893 Graecia
877 828 1068 893 adduxerat:

54 934 97 980 1n
115 915 207 981 milia
224 937 261 981 ex
274 915 405 1000 Illyrico
419 915 593 998 Antipater
607 917 755 981 miserat:
781 916 928 981 Thessali
943 917 1067 999 equites

57 1010 135 1069 cet
157 1023 231 1069 xxx
259 1025 332 1069 cum
354 1004 506 1087 Philippo
534 1008 640 1068 erant:
670 1027 709 1068 ex
732 1004 836 1088 Lydia
863 1022 890 1068 11
917 1005 1008 1069 milia
1035 1010 1069 1070 et

56 1093 212 1176 sexcenti,
244 1093 434 1178 peregrinus
466 1092 574 1174 miles,
606 1091 815 1176 advenerant,
850 1109 912 1157 ccc
944 1094 1067 1177 equites

57 1181 164 1266 gentis
194 1181 337 1246 eiusdem
365 1181 590 1264 sequebantur.
634 1179 705 1246 Hac
733 1204 829 1246 manu
854 1181 980 1245 adiecta
1003 1183 1069 1246 odit
1087 1197 1121 1246 aa

55 1269 217 1354 Drangae.
245 1269 406 1334 Bellicosa
419 1269 510 1333 natio
525 1272 583 1333 est.
614 1266 767 1354 Satrapes
782 1274 852 1334 erat
865 1269 1069 1353 Barzaentes,

56 1358 188 1422 sceleris
202 1356 237 1421 in
250 1377 361 1442 regem
375 1379 468 1422 suum
481 1358 644 1441 particeps
653 1358 769 1423 Besso:
784 1359 811 1422 is
826 1358 1069 1442 suppliciorum,

58 1467 142 1531 quae
164 1449 338 1528 meruerat,
361 1449 450 1509 metu
472 1445 619 1528 profugit
640 1445 676 1510 in
698 1446 833 1511 Indiam.

467 1555 557 1667 'cis
580 1600 653 1669 vn.

10 1711 47 1776 25
147 1709 218 1773 lam
240 1730 361 1773 nonum
385 1706 470 1771 diem
494 1708 615 1773 stativa
637 1714 742 1792 erant,
772 1731 859 1794 cum,
881 1714 1014 1776 externa
1036 1714 1069 1777 vi
1089 1727 1103 1774 1

56 1819 124 1863 non
150 1798 289 1862 invictus
317 1796 412 1862 modo
446 1796 502 1860 sed
528 1800 631 1875 tutus,
658 1819 714 1862 rex
745 1797 899 1863 intestino
927 1800 1069 1865 facinore

56 1886 238 1969 petebatur.
278 1883 440 1968 Dymnus,
462 1885 608 1949 modicae
632 1885 715 1968 apud
738 1906 848 1969 regem
867 1889 1069 1953 auctoritatis
1088 1905 1104 1952 a

57 1978 91 2039 et
110 1974 248 2058 gratiae,
271 1974 403 2056 exoleti,
426 1973 478 2038 cui
495 1971 695 2038 Nicomacho
716 1982 785 2039 erat
804 1997 936 2059 nomen,
960 1999 1070 2043 amore

56 2063 233 2146 flagrabat,
251 2061 407 2146 obsequio
421 2063 478 2126 uni
492 2061 555 2126 sibi
575 2060 675 2126 dediti
694 2064 837 2146 corporis
856 2063 991 2129 vinctus.
1028 2065 1070 2148 Is,
1088 2081 1104 2128 a

57 2151 145 2235 quod
162 2171 200 2214 ex
218 2151 311 2215 vultu
329 2171 456 2234 quoque
474 2149 612 2234 perspici
630 2153 773 2235 poterat,
793 2152 909 2216 similis
928 2153 1068 2217 attonito

57 2239 194 2304 remotis
208 2233 341 2303 arbitris
357 2258 429 2302 cum
442 2237 554 2304 iuvene
569 2239 703 2302 secessit
716 2239 750 2303 in
768 2241 935 2323 templum,
953 2262 1070 2307 arcana
1166 2276 1168 2281 .

58 2349 92 2393 se
112 2331 146 2392 et
164 2326 288 2392 silenda
306 2325 431 2390 adferre
450 2325 631 2409 praefatus,
650 2348 904 2412 suspensumque
921 2334 1067 2411 expecta·
1087 2345 1104 2393 4

56 2417 148 2481 tione
165 2437 223 2499 per
241 2417 386 2479 mutuam
401 2414 570 2478 caritatem
586 2417 620 2478 et
636 2415 775 2499 pignora
789 2416 955 2501 utriusque
970 2417 1070 2481 animi

56 2507 164 2588 rogat,
183 2508 221 2568 ut
238 2502 388 2568 adfirmet
404 2502 620 2585 iureiurando,
636 2525 718 2587 qnae
732 2504 956 2586 commisisset,
976 2505 1069 2569 silen-

56 2594 106 2658 tio
120 2613 192 2657 esse
204 2595 375 2656 tecturam.
410 2590 457 2655 Et
474 2591 529 2655 ille
545 2594 651 2674 ratus,
669 2590 766 2674 nihil,
785 2593 870 2675 quod
885 2593 983 2656 etiam
997 2615 1069 2656 cum
1089 2609 1105 2657 5

56 2680 201 2766 periurio
216 2678 430 2762 detegendum
445 2677 544 2763 foret,
560 2678 790 2757 indicaturum,
808 2701 865 2763 per
884 2685 1069 2762 praesentes

57 2769 135 2834 deos
157 2769 252 2833 iurat.
289 2766 372 2832 Tum
390 2765 537 2850 Dymnus
556 2767 660 2850 aperit
681 2767 716 2831 in
738 2767 872 2831 tertium
895 2768 980 2832 diem
998 2770 1070 2852 regi
1089 2789 1104 2836 c

57 2857 192 2923 insidias
222 2859 415 2941 conparatas
446 2877 542 2939 seque
570 2855 638 2919 eius
668 2855 795 2920 consilii
827 2855 966 2920 fortibus
992 2857 1071 2921 viris

58 2951 94 3011 et
119 2944 303 3011 illustribus
331 2965 402 3008 esse
434 2943 632 3026 participem.
680 2943 760 3019 Quis
792 2944 916 3009 iuvenis
951 2945 1105 3011 auditis?

59 3056 94 3099 se
116 3055 194 3098 vero
218 3031 313 3096 fidem
336 3031 371 3096 in
396 3031 570 3115 parricidio
595 3031 719 3096 dedisse
744 3036 933 3098 constanter
957 3034 1106 3100 abnuit8

57 3145 118 3189 nee
140 3121 209 3186 ulla
235 3120 406 3205 religione,
433 3124 470 3184 ut
498 3121 601 3184 scelus
629 3123 734 3204 tegat,
761 3142 856 3204 posse
884 3122 1071 3206 constringi.

57 3211 222 3295 Dymnus,
249 3213 283 3275 et
309 3229 419 3274 amore
443 3211 476 3272 et
497 3211 587 3272 metu
610 3229 735 3292 amens,
762 3209 926 3274 dexteram
952 3210 1072 3275 exoleti

59 3301 235 3384 conplexus
263 3302 297 3362 et
327 3297 501 3361 lacrimans
529 3318 621 3362 orare
653 3297 805 3381 primurn,
840 3303 878 3362 ut
908 3299 1071 3382 particeps
1173 3380 1176 3385 .

59 3388 188 3474 consilii
218 3386 387 3471 operisque
414 3385 519 3449 fieret:
551 3385 579 3449 si
607 3384 639 3448 id
668 3387 827 3452 sustinere
858 3408 925 3451 non
951 3388 1107 3470 possete

59 3481 208 3543 attamen
224 3496 265 3548 ne
283 3473 436 3559 proderet
450 3495 492 3556 se,
511 3473 601 3538 cuius
617 3493 693 3558 erga
708 3474 816 3559 ipsum
834 3474 1073 3540 benivolentiae

56 3568 190 3650 praeter
212 3563 278 3628 alia
305 3562 369 3630 hoe
392 3583 522 3650 quoque
542 3561 688 3631 baberet
707 3563 940 3630 lorirssxmum
959 3559 1110 3635 §nassas

915 3655 956 3708 qa
