2356 3846
258 191 511 250 fllsrosrssusi
528 191 744 250 maxensis
761 192 835 265 v111,
856 199 879 248 2.
893 200 917 249 t.
1010 194 1073 260 193

490 396 572 466 Ore.
593 397 651 465 III.

10 519 50 584 ll
153 512 266 579 Dahas
288 513 402 578 deinde
421 516 582 579 statuerat
599 516 722 597 petere:
744 512 792 578 ibi
811 536 950 601 namque
970 513 1074 600 Spita·
1094 525 1109 574 1

61 623 181 668 menen
194 622 264 668 esse
278 605 482 684 cognoverat.
513 599 577 666 Sed
590 601 674 666 hanc
687 623 814 686 quoque
828 603 1075 688 expeditionem,

62 695 102 757 ut
119 689 275 775 pleraque
293 689 369 774 alia,
391 688 523 755 fortuna
540 689 737 774 indulgendo
756 690 786 754 ei
803 713 981 776 numquam
1004 693 1075 759 fati·

63 782 143 865 gata
157 799 216 862 pro
232 777 366 843 absente
376 778 545 862 transegit.
566 775 770 860 Spitamenes
779 780 888 845 uxoris
902 780 1075 846 immodico

64 887 177 933 amore
200 865 372 951 flagrabat:
396 887 493 950 quam
516 885 612 951 aegre
637 865 751 951 fugam
773 870 806 931 et
833 889 917 934 nova
940 869 1076 934 subinde

64 955 166 1020 exilia.
178 955 381 1037 tolerantem,
398 953 433 1018 in
447 975 541 1020 omne
559 953 733 1020 discrimen
745 955 896 1021 comitem
914 956 1076 1023 trahebat.

64 1043 128 1108 Illa
147 1041 242 1108 malie
264 1041 404 1126 fatigata
424 1041 599 1109 identidem
618 1043 791 1108 muliebres
810 1042 963 1110 adhibere
986 1046 1075 1111 blan·
1094 1053 1110 1101 2

65 1131 178 1215 ditias,
201 1134 238 1196 ut
258 1130 391 1196 tandem
413 1129 525 1215 fugam
543 1132 673 1198 sisteret
689 1132 886 1215 victorisque
899 1132 1076 1198 Alexandri

65 1219 272 1286 clementiam
291 1221 441 1303 expertus
463 1219 619 1303 placaret,
643 1241 738 1304 quem
757 1220 897 1305 effugere
915 1243 981 1286 non
1002 1243 1075 1305 pos·

64 1311 126 1374 set
170 1307 249 1372 Tres
273 1306 373 1372 adulti
397 1310 490 1372 erant
512 1309 607 1374 liberi
631 1329 669 1373 ex
693 1330 730 1373 eo
759 1309 875 1394 geniti:
900 1331 981 1400 quos
1003 1316 1111 1374 cum3

64 1395 192 1481 pectori
217 1394 320 1479 patris
348 1395 557 1480 admovisset,
587 1400 624 1462 ut
651 1397 768 1460 saltem
795 1419 906 1462 eorum
934 1399 1077 1462 misereri

65 1484 181 1567 vellet,
201 1484 336 1549 orabatr-
351 1486 398 1567 et,
420 1504 483 1568 quo
502 1483 698 1549 efficaciores
717 1489 825 1550 essent
844 1506 968 1570 preces,
990 1485 1078 1550 haud

64 1572 180 1657 procul
198 1575 268 1637 erat
280 1570 473 1636 Alexander.
503 1571 564 1638 llle
581 1594 616 1637 se
634 1571 740 1655 prodi,
759 1593 826 1637 non
842 1574 967 1637 moneri
985 1577 1076 1638 ratus
1094 1580 1111 1628 4

66 1665 100 1726 et
127 1659 253 1726 formae
279 1658 425 1743 profecto
453 1659 571 1724 fiducia
596 1680 711 1742 cupere
739 1680 811 1724 eam
839 1661 1078 1745 quamprimum

65 1747 141 1814 dedi
154 1745 339 1813 Alexandro
345 1796 352 1827 ,
376 1747 539 1813 acinacem
558 1747 688 1812 strinxit
707 1767 916 1831 percussurus
935 1770 1078 1833 uxorem,

16 1897 24 1902 ,,
65 1837 132 1903 nisi
158 1835 343 1920 prohibitus
365 1839 451 1900 esset
476 1835 615 1900 fratrum
644 1835 724 1898 eius·
739 1855 881 1901 occursu.
926 1833 1113 1902 Ceterumt

66 1924 157 1992 abire
175 1926 348 2007 conspectu
370 1923 461 1988 iubet
484 1923 593 1989 addito
612 1926 700 1987 metu
722 1923 851 2007 mortis,
874 1924 902 1988 si
921 1945 955 1988 se
974 1926 1077 1989 oculis

65 2016 136 2079 eius
152 2011 336 2095 obtulisset,
355 2011 442 2076 etad
460 2011 652 2076 desiderium
670 2009 842 2074 levandum
854 2015 966 2076 noctes
981 2032 1077 2097 agere

65 2102 153 2168 inter
169 2099 289 2184 pelices
307 2099 424 2183 eoepit.
462 2097 524 2164 Sed
542 2099 671 2183 penitus
685 2098 821 2163 haerens
836 2121 928 2165 amor
945 2101 1076 2166 fastidio
1096 2107 1112 2156 6

65 2187 286 2274 praesentium
313 2207 465 2252 accensus
493 2191 552 2253 est.
600 2186 715 2271 Itaque
742 2208 853 2251 rursus
883 2188 949 2251 uni·
968 2189 997 2253 ei
1025 2188 1077 2253 de·

65 2277 155 2343 ditus
186 2297 279 2342 orare
310 2296 376 2340 non
407 2274 547 2359 destitit,
577 2278 615 2340 ut
646 2273 707 2339 tali
732 2274 870 2339 consilio
900 2275 1079 2341 abstineret

65 2367 297 2452 patereturque
315 2367 450 2444 sortem,
473 2384 708 2447 quamcumque
726 2362 766 2428 iis
785 2363 917 2428 fortuna
934 2361 1078 2429 fecisset:

66 2454 131 2520 sibi
152 2455 291 2518 mortem
312 2451 473 2517 deditione
495 2473 564 2517 esse
586 2450 749 2516 leviorem.
791 2450 837 2515 At
859 2452 917 2515 illa
938 2472 1078 2537 purgare
1098 2457 1113 2507 7

67 2563 116 2626 se,
144 2541 242 2626 quod,
270 2562 352 2625 quae
379 2539 475 2605 utilia
500 2561 571 2604 esse
593 2538 757 2622 censebat,
785 2538 988 2604 muliebriter
1014 2539 1078 2604 for·

67 2631 168 2714 sitan,
190 2629 247 2694 sed
264 2628 332 2694 fida
349 2632 460 2693 tamen
478 2631 587 2692 mente
609 2627 778 2693 suasisset:
801 2626 840 2691 de
863 2629 968 2690 cetero
992 2627 1078 2692 futu-

65 2740 138 2785 ram
157 2718 206 2783 in
236 2717 298 2783 siri
324 2719 498 2800 potestate.
543 2714 744 2800 Spitamenes
778 2715 931 2780 simulato
964 2718 1113 2798 captuss

66 2805 222 2892 obsequio
245 2804 284 2871 de
311 2804 363 2868 die
386 2804 568 2870 convivium
596 2803 746 2888 apparari
768 2803 860 2867 iubet
885 2803 1022 2887 vinoque
1045 2806 1078 2868 et

65 2894 171 2981 epulis
201 2893 310 2979 gravis
343 2895 403 2975 [et]
436 2893 650 2958 semisomnus
682 2892 717 2956 in
749 2890 933 2956 cubiculum
967 2891 1078 2958 fertur.

26 3023 30 3026 Α
65 2982 172 3061 Quem
188 2987 226 3048 ut
244 2982 312 3047 alto
331 2984 363 3046 et
381 2982 473 3068 gravi
492 3002 604 3047 somno
624 2981 765 3064 sopitum
785 3000 855 3044 esse
869 2980 971 3045 sensit
989 3002 1079 3065 uxor,
1097 2988 1113 3036 9

66 3072 226 3157 gladium,
258 3092 354 3156 quem
380 3073 471 3135 'veste
498 3070 730 3153 occultaverat,
758 3067 891 3153 stringit
919 3073 1078 3152 caputque

65 3161 135 3226 eius
160 3159 322 3226 abscisum
346 3178 457 3224 cruore
480 3179 628 3242 respersa
651 3178 745 3222 servo
770 3178 827 3221 suo
851 3157 979 3222 conscio
1002 3157 1079 3221 faci·

10 3242 155 3315 l2noris
187 3247 297 3314 tradit.
346 3245 469 3312 Eodem
502 3246 690 3329 comitante,
722 3243 818 3309 sicuti
848 3248 918 3310 erat
946 3248 1079 3310 cruenta
1099 3251 1134 3298 1⁰

65 3341 171 3422 veste,
212 3337 246 3401 in
286 3334 497 3402 Macedonum
539 3339 645 3399 castra
684 3333 833 3418 pervenit
872 3333 1079 3417 nuntiarique

67 3421 251 3510 Alexandro
278 3423 381 3506 iubet,
407 3444 490 3508 esse,
522 3444 604 3507 quae
632 3443 670 3487 ex
699 3423 771 3507 ipsa
798 3420 929 3486 deberet
957 3421 1079 3504 adgno-

66 3535 164 3579 scere.
208 3510 268 3577 Ille
287 3512 445 3597 protinus
472 3511 650 3578 barbaram
675 3511 780 3577 iussit
799 3509 952 3573 admixtu.
984 3505 1158 3572 tem*

65 3605 101 3666 ut
119 3622 302 3684 respersam
326 3623 443 3670 eruore
468 3603 664 3691 conspexit,
682 3604 785 3668 ratus
811 3594 862 3660 ab
880 3579 1140 3732 beqqmbm

105 3711 201 3755 orclas
214 3713 301 3758 Rufus.
