2356 3846
107 155 151 220 30
479 155 510 220 Q.
530 152 641 210 GURTI
657 154 745 210 RUFI

104 300 293 385 redduntur,
338 300 453 385 quibus
494 302 531 364 ut
571 299 707 384 superbe
744 299 871 382 scriptis
912 299 1116 366 vehementer

105 384 245 454 offensus
268 393 331 454 est:
363 387 533 472 praecipue
556 408 629 453 eum
652 388 765 472 movit,
797 387 883 470 quod
904 385 1032 452 Dareus
1055 389 1114 454 sibi

103 478 189 562 regis
221 477 351 541 titulum
382 497 442 540 nec
474 475 608 540 eundem
640 474 816 540 Alexandri
842 475 967 540 nomini
998 476 1114 542 adscri-

68 585 85 635 8
103 567 221 648 pserat.
256 563 448 630 Postulabat
470 568 578 628 autem
600 565 704 649 magis
728 585 824 647 quam
846 564 987 648 petebat,
1008 568 1047 629 ut
1066 586 1114 630 ac·

104 655 196 735 cepta
217 653 363 737 pecunia,
385 655 677 737 quantamcumque
693 655 764 716 tots
776 649 966 716 Macedonia
979 657 1115 738 caperet,

103 744 238 805 matrem
272 741 333 806 sibi
365 744 398 806 et
426 740 596 825 coniugem
622 740 805 823 liberosque
830 740 1023 804 restitueret.
1067 739 1114 806 Dc

68 849 84 897 9
103 848 204 913 regno
228 849 344 913 aequo,
373 829 401 892 si
418 828 523 912 vellet,
545 825 649 892 Marte
677 827 895 892 contenderet.
927 825 962 891 Si
985 829 1115 893 saniora

104 917 238 981 consilia
255 916 387 981 tandem
405 916 474 999 pati
491 916 658 1000 potuisset,
680 918 851 980 contentus
866 917 974 999 patrio
988 916 1115 983 cederet

103 1005 199 1069 alieni
225 1005 352 1088 imperii
378 1004 510 1085 finibus,
540 1004 645 1068 socius
672 1003 853 1087 amicusque
876 1007 969 1068 esset.
1014 1003 1055 1069 In
1077 1025 1115 1071 es

52 1112 84 1161 10
103 1113 136 1157 se
166 1093 261 1157 fidem
293 1095 325 1157 et
356 1091 431 1156 dare
453 1095 602 1175 paratum
625 1093 658 1154 et
679 1092 831 1174 accipere.
875 1089 997 1156 Oontra
1018 1092 1114 1157 Alex·

103 1180 202 1244 ander
241 1181 276 1246 in
314 1180 400 1244 huno
439 1179 577 1244 maxime
618 1179 749 1244 modum
789 1179 974 1263 rescripsit:
1029 1179 1114 1246 ‘Rex

102 1267 284 1333 Alexander
306 1266 412 1333 Dareo
436 1265 467 1332 S.
516 1265 613 1333 Cuius
640 1288 759 1333 nomen
782 1267 961 1351 sumpsisti,
987 1265 1113 1334 Dareus

103 1354 256 1441 Graecos,
291 1357 346 1440 qui
383 1376 471 1420 oram
505 1354 707 1439 Hellesponti
743 1360 869 1440 tenent,
905 1356 1113 1442 coloniasque

103 1441 297 1508 Graecorum
328 1443 437 1508 Ionias
465 1444 553 1507 omni
585 1443 673 1508 clade
704 1445 856 1528 vastavit,
888 1464 960 1507 cum
992 1465 1112 1530 magno

103 1530 216 1596 deinde
253 1532 392 1596 exercitu
427 1552 516 1595 mare
550 1532 677 1596 traiecit
707 1532 809 1595 inlato
840 1530 1049 1597 Macedoniae
1081 1536 1114 1599 et

51 1638 82 1686 ιι
102 1618 256 1683 Graeciae
279 1619 373 1684 bello.
408 1618 532 1685 Rursus
554 1618 676 1684 Xerxes
699 1619 805 1702 gentis
828 1618 969 1683 eiusdem
993 1620 1034 1684 ad
1058 1642 1112 1706 op·

101 1707 294 1792 pugnandos
334 1728 396 1772 nos
431 1728 503 1772 cum
539 1706 729 1772 immanium
764 1706 973 1772 barbarorum
1010 1709 1113 1793 copiis

101 1796 205 1859 venit:
230 1796 284 1878 qui
306 1795 415 1860 navah
436 1795 557 1879 proelio
580 1795 683 1860 victus
705 1793 910 1859 Mardonium
931 1798 1044 1860 tamen
1065 1818 1113 1862 re·

102 1883 196 1966 liquit
217 1884 253 1947 in
275 1881 422 1966 Graecia,
444 1887 482 1947 ut
504 1882 619 1947 absens
642 1903 767 1966 quoque
785 1883 994 1966 popularetur
1008 1884 1114 1970 urbes,

51 1989 198 2056 magras
220 1975 335 2035 ureret
378 1969 564 2053 Philippum
586 1991 675 2054 vero,
702 1973 868 2054 parentem
889 1991 1011 2056 meum,
1040 1974 1113 2057 quis

101 2060 232 2142 ignorat
254 2059 294 2122 ab
317 2057 357 2122 iis
378 2057 581 2122 interfectum
602 2079 680 2142 esse,
702 2079 783 2142 quos
800 2058 943 2142 ingentis
955 2061 1112 2142 pecuniae

103 2167 159 2229 spe
187 2145 438 2210 sollicitaverant
459 2145 580 2210 uestri?
617 2145 711 2229 Inpia
734 2147 819 2210 enim
842 2146 927 2210 bella
949 2148 1113 2233 suscipitis

103 2238 144 2318 et,
166 2255 238 2298 cum
260 2233 408 2298 habeatis
431 2255 534 2318 arma,
556 2234 697 2298 licemini
718 2233 861 2299 hostium
883 2235 1010 2319 capitur·
1029 2237 1113 2303 siam

101 2325 138 2385 tu
160 2322 304 2405 proxime
326 2322 457 2386 talentis
479 2322 580 2406 mille,
606 2323 690 2386 tanti
714 2322 871 2387 exercitus
893 2343 962 2407 rex,
984 2345 1113 2407 percus·

52 2428 83 2477 ιι
103 2430 208 2474 sorem
239 2411 275 2474 in
301 2430 352 2473 me
380 2431 483 2475 emere
509 2410 648 2474 voluisti.
696 2408 828 2494 Repello
855 2410 956 2495 igitur
982 2412 1112 2499 bellum,

102 2519 169 2562 non
200 2497 314 2563 infero.
358 2496 404 2562 Et
432 2498 464 2562 di
494 2519 619 2582 quoque
645 2519 704 2581 pro
732 2498 863 2562 meliore
890 2502 981 2563 stent
1003 2521 1112 2567 causa:

103 2606 255 2671 magnam
282 2589 406 2669 partem
428 2585 526 2650 Asiae
552 2587 588 2649 in
610 2585 768 2650 dicionem
794 2585 903 2671 redegi
929 2607 1051 2674 meam,
1080 2592 1113 2655 to

103 2675 209 2758 ipsum
231 2673 299 2739 acie
321 2675 391 2738 vici.
428 2673 530 2750 Quem
552 2675 612 2738 etsi
633 2673 716 2738 nihil
738 2696 758 2738 a
779 2694 831 2738 me
844 2674 1006 2758 inpetrare
1020 2698 1113 2763 opor·

102 2763 201 2844 tebat,
223 2765 334 2845 utpote
357 2762 412 2846 qui
434 2783 475 2826 ne
497 2762 573 2826 belli
596 2762 722 2846 quidem
744 2762 780 2825 in
802 2783 853 2826 me
873 2763 945 2827 iura
967 2784 1112 2831 servare·
1137 2845 1139 2848 Α

103 2850 157 2933 ris,
179 2854 297 2934 tamen,
320 2850 347 2914 si
370 2850 495 2913 veneris
518 2851 659 2934 supplex,
682 2854 714 2914 et
736 2854 873 2915 matrem
891 2853 925 2914 et
942 2853 1112 2939 coniugem

52 2956 84 3004 14
103 2941 136 3002 et
164 2937 281 3002 liberos
312 2938 381 3002 sine
409 2937 512 3020 pretio
539 2941 740 3021 recepturum
768 2958 837 3003 esse
859 2939 1024 3023 promitto.
1068 2940 1114 3008 Et

103 3026 229 3089 vincere
260 3028 293 3089 et
324 3026 489 3090 consulere
525 3026 617 3090 victis
653 3027 728 3091 scio.
778 3025 872 3102 Quod
903 3027 931 3092 si
961 3031 995 3092 tc
1027 3050 1113 3096 com·

103 3113 230 3176 mittere
253 3112 347 3177 nobis
368 3113 476 3197 times,
503 3113 650 3178 dabimus
672 3113 767 3179 fidem
788 3115 911 3200 inpune
931 3120 1114 3183 venturum.

103 3199 152 3264 De
174 3205 288 3284 cetero,
310 3220 382 3264 cum
404 3201 483 3265 mihi
505 3202 634 3287 scribes,
654 3208 816 3267 memento
834 3224 901 3268 non
919 3204 1026 3270 solum
1045 3206 1114 3292 ηρ·

102 3294 145 3372 te,
168 3288 223 3353 sed
239 3289 336 3352 etiam
350 3291 407 3353 tuo
421 3289 578 3354 scribere?
615 3290 666 3355 Ad
680 3290 764 3356 hanc
777 3291 999 3375 perferendam
1012 3291 1114 3359 'Pher-

103 3377 213 3460 sippus
236 3380 286 3441 est
306 3377 432 3442 missus.

37 3482 80 3526 ιι
183 3464 227 3526 ln
237 3464 426 3530 Phoenicen
447 3467 554 3531 danda
576 3466 740 3532 descendit
761 3470 794 3532 et
816 3467 969 3552 oppidum
982 3466 1144 3554 Byblont

76 3546 237 3612 tamtum
267 3555 402 3638 recepit
446 3554 529 3622 lude
557 3556 601 3623 ad
622 3553 748 3622 Sidone
770 3559 907 3620 renum
926 3560 987 3639 est,
1001 3557 1116 3623 urbem
