2356 3846
114 126 180 190 248
489 124 520 190 Q.
540 123 650 179 cunr}
667 123 754 179 RUFI

114 270 288 353 leonesque
310 291 403 334 rarae
421 268 655 353 magnitudinis
679 272 712 333 et
733 268 846 352 tigres,
867 272 1046 352 utrumque*
1060 267 1129 332 ani·

115 359 182 423 mal
210 358 250 422 ad
277 356 556 422 mansuetudinem
585 357 756 442 domitum,
782 357 975 422 lacertarum
1004 376 1129 440 quoque

80 460 96 509 ³
115 447 298 531 ingentium
319 447 420 530 pelles
444 449 477 510 et
500 445 597 510 dorsa
614 445 823 511 testudinum.
859 442 995 511 Cratero
1015 443 1129 509 deinde

114 535 256 620 imperat
282 555 352 617 rex,
378 533 464 598 haud
493 533 607 617 procul
631 554 739 617 amne,
765 554 823 618 per
846 554 943 618 quem
966 535 1038 598 erat
1059 533 1130 617 ipse

115 624 345 708 navigaturae,
368 623 476 706 copias
501 622 644 687 duceret:
674 643 729 687 eos
753 626 877 705 autem,
900 621 956 708 qui
979 620 1131 687 comitari

116 732 190 776 eum
217 711 379 795 solebant,
405 711 534 794 inponit
560 711 596 774 in
617 731 716 776 naves
740 713 773 775 et
795 711 830 774 in
849 710 930 776 fines
953 708 1131 775 Mallorum

117 799 255 865 secundo
274 820 368 864 amne
391 799 569 864 devehitur.

81 902 98 950 4
204 887 284 952 Inde
304 886 462 954 Sabarcas
480 886 570 971 adiit,
592 885 734 952 validam
752 885 865 952 Indiae
884 889 1025 972 gentem,
1048 907 1131 971 quae

115 977 237 1062 populi,
259 997 326 1041 non
348 997 463 1061 regum
484 975 623 1059 imperio
646 975 827 1058 regebatur.
862 992 911 1040 nx
932 975 1025 1040 mih'a
1042 974 1131 1060 pedi-

116 1069 186 1130 tum
206 1065 379 1149 habebant,
402 1064 546 1148 equitum
566 1086 622 1129 sex
639 1065 742 1129 milia:
764 1064 825 1129 has
844 1064 955 1148 copias
973 1084 1088 1128 currus
1106 1081 1131 1128 1>

81 1153 344 1237 bsequebantur.
385 1171 426 1216 111
448 1151 544 1218 duces
571 1155 734 1235 spectatos
765 1153 886 1217 virtute
917 1152 1037 1217 bellica
1070 1152 1133 1217 ele

117 1245 240 1326 gerant.
293 1241 340 1306 At
372 1242 428 1324 qui
458 1241 493 1304 in
525 1241 613 1323 agris
645 1244 738 1306 erant
764 1240 904 1325 proximi
935 1239 1066 1305 flumini
1088 1276 1132 1288 -

116 1330 301 1415 frequentes
319 1331 439 1406 ,autem
465 1330 555 1395 vicos
582 1330 722 1394 maxime
744 1330 779 1393 in
801 1330 873 1413 ripa
895 1328 1065 1394 habebant
1088 1364 1131 1376 -

116 1421 153 1483 ut
171 1418 280 1483 ridere
297 1421 404 1482 totum
423 1439 560 1502 amnem,
583 1439 647 1503 qua
666 1418 809 1501 prospici
826 1419 965 1500 poterat,
987 1416 1134 1501 navigiis

116 1511 320 1572 constratum
341 1509 374 1571 et
390 1508 442 1570 tot
460 1507 601 1571 militum
620 1528 711 1570 arma
729 1505 896 1590 fulgentia,
917 1505 1027 1570 territi
1045 1526 1137 1572 nora

116 1595 213 1678 fecie,
245 1595 377 1659 deorum
410 1595 587 1660 exercitum
614 1598 647 1658 et
675 1594 775 1658 alium
806 1593 960 1660 Liberum
989 1593 1136 1679 Patrem,

117 1684 242 1748 celebre
269 1682 392 1746 inillis
417 1682 568 1766 gentihus
590 1703 723 1767 nomen,
748 1682 922 1747 adventare
945 1682 1137 1748 credebant.

81 1786 97 1834 6
116 1771 201 1836 Hinc
224 1770 365 1836 militum
389 1772 523 1855 clamor,
545 1771 621 1836 hinc
642 1792 805 1835 remorum
823 1771 937 1855 pulsus
955 1771 1136 1857 variaeque

116 1864 290 1925 nautarum
313 1880 408 1924 voces
432 1859 634 1925 hortantium
651 1859 785 1943 pavidas
804 1880 897 1924 aures
915 1859 1137 1943 inpleverant.

82 1948 207 2032 thirgo
234 1948 377 2014 universi
405 1947 445 2012 ad
472 1969 540 2026 eos,
573 1948 629 2031 qui
656 1947 691 2011 in
722 1948 820 2012 armis
850 1951 964 2031 erant,
987 1953 1137 2033 currunt,

115 2038 222 2102 furere
246 2037 464 2101 clamitantes:
487 2035 631 2100 cumdio
654 2035 812 2119 proelium
829 2036 977 2119 inituros,
998 2037 1137 2122 navigia

116 2146 182 2190 non
200 2146 296 2209 posse
312 2124 484 2208 numerari,
504 2145 586 2208 quac
599 2124 737 2188 invictos
751 2125 838 2189 viros
851 2123 1016 2190 veherent
1048 2124 1135 2190 Tan-

116 2218 250 2297 tumque
268 2213 303 2276 in
321 2212 494 2276 exercitum
513 2233 645 2277 suorum
662 2212 802 2277 intulere
820 2213 965 2298 terroris,
985 2216 1026 2278 ut
1044 2213 1135 2300 lega-

116 2305 170 2367 tos
193 2302 361 2365 mitterent
383 2304 512 2384 gentem
536 2300 709 2365 dedituros.

81 2402 98 2452 8
205 2388 267 2452 His
286 2389 320 2452 in
334 2388 429 2452 fidem
447 2388 588 2472 acceptis
607 2388 647 2453 ad
662 2388 743 2452 alias
757 2387 872 2452 deinde
885 2391 999 2473 gentes
1015 2388 1161 2474 quart03

117 2478 169 2542 die
192 2476 348 2562 pervenit.
384 2473 497 2539 Nihilo
515 2477 588 2559 plus
608 2476 708 2541 animi
726 2476 779 2540 his
796 2475 873 2559 fuit,
896 2498 995 2560 quam
1015 2479 1134 2544 ceteris

116 2567 233 2630 fuerat.
278 2564 392 2647 Itaque
416 2563 535 2647 oppido
558 2564 605 2628 ibi
627 2563 767 2647 condito,
789 2564 874 2647 quod
893 2564 1135 2633 Alexandream

118 2653 275 2739 appellari
297 2653 445 2736 iusserat,
467 2652 547 2716 fines
571 2673 691 2734 eorum,
713 2651 769 2736 qui
786 2650 946 2717 Musicani
965 2655 1135 2738 appellan-

82 2738 185 2825 etur,
211 2741 356 2806 intrarit
391 2739 455 2803 Hie
478 2739 516 2803 de
538 2738 682 2805 Teriolte
705 2743 847 2823 satrape,
874 2761 970 2825 quem
991 2741 1135 2828 Parapa-

118 2829 252 2895 misadis
275 2827 483 2912 praefecerat,
505 2827 620 2892 iisdem
643 2829 853 2912 arguentibus
878 2831 1033 2914 cognorit
1049 2833 1134 2897 mul·

117 2922 214 3002 taque
233 2938 328 2982 arare
347 2937 384 2980 aa
398 2916 535 2999 superbe
549 2915 665 2981 fecisse
680 2917 862 2981 convictum
876 2917 1015 2984 interfici
1027 2920 1134 2986 iussit

66 3020 99 3069 10
118 3004 285 3089 Oxyartes,
307 3007 438 3089 praetor
460 3003 724 3088 Bactrianorum,
746 3026 812 3070 non
835 3005 1004 3071 absolutus
1027 3009 1134 3087 modo,

118 3093 174 3158 sed
202 3094 301 3157 etiam
327 3093 396 3156 iure
424 3092 543 3156 amoris
572 3091 741 3176 amplioris
766 3092 895 3176 imperii
916 3093 1059 3162 donatus
1084 3102 1136 3162 est

117 3181 244 3247 finibus.
290 3179 466 3245 Musicanis
498 3179 611 3245 deinde
640 3181 675 3244 in
702 3179 861 3247 dicionem
887 3182 1029 3249 redactis
1058 3185 1136 3251 urbi

119 3292 230 3336 corum
253 3268 450 3352 praesidium
472 3269 626 3353 inposuit.

66 3373 98 3422 11
205 3356 285 3422 Inde
311 3358 355 3422 cd
375 3357 540 3439 Praestos,
569 3360 602 3422 et
623 3357 729 3441 ipsam
751 3356 865 3423 indiae
887 3361 1035 3445 gentem,
1061 3382 1137 3447 per·

111 3450 243 3512 rentum
265 3448 324 3513 cst.
367 3444 562 3512 Porticanus
584 3467 643 3511 rex
664 3448 744 3529 erat,
765 3446 821 3530 qui
843 3467 879 3511 se
895 3447 1041 3515 munitae
1059 3450 1136 3516 urbi

92 3553 170 3599 cunr
200 3558 330 3624 magna
355 3559 460 3606 manu
483 3535 701 3625 popularium
720 3533 910 3601 incluserat.
942 3533 1047 3601 Meno
1069 3536 1141 3600 hle·
