2356 3846
116 129 161 195 60
491 125 524 192 ιι
544 125 653 183 OURTI
670 122 758 181 RUFI

116 277 149 343 et
116 272 278 358 eeloqui
298 271 408 374 timeo,
428 271 568 341 ludibria
588 292 732 338 meorum
754 274 960 340 nuntiaturus
984 289 1028 353 es,
1050 269 1132 341 mihi

116 365 162 445 et,
190 365 228 426 ut
254 362 362 444 oredo,
392 359 473 444 ipsis
499 381 625 445 quoque
652 361 741 425 omni
767 363 912 428 tristiora
937 320 1130 442 supplicio'l'

62 472 98 522 ce
115 411 168 519 Ad
189 449 269 517 haee
282 411 442 533 Tyriotes,
465 447 573 515 Istud
596 448 725 533 quidem
746 451 863 534 procul
877 447 980 514 abest'
981 446 1130 531 ,inquit

116 537 408 621 quantumcumque
427 537 513 603 enim
530 537 651 621 reginis
668 537 774 603 honos
792 538 833 603 ab
850 539 919 622 his,
934 536 989 621 qui
1006 538 1132 618 parent,

115 625 228 691 haberi
248 629 365 709 potest,
385 625 453 691 tuis
475 647 495 690 a
516 625 636 690 victore
659 630 805 692 servatus
822 629 880 710 est,
856 625 961 691 teed
977 644 1058 688 uxor
1072 626 1133 689 tue.

63 736 97 785 ce
115 714 213 797 poulo
243 717 319 781 ante
344 713 480 781 excessit
506 735 524 777 e
550 713 626 779 ιι.
628 712 775 780 'Tunc
801 736 878 779 vero
900 734 968 778 non
990 712 1136 797 gemitus

115 801 227 886 modo,
254 801 310 868 sed
337 801 436 869 etiem
462 801 675 868 eiulatust
625 801 685 869 tet'
676 824 704 866 1s
733 804 847 867 castris
871 801 1131 866 exaudiebantur

115 888 186 956 Nee
213 852 372 959 dubitavit
393 887 533 973 Dareus,
560 890 638 974 quin
659 890 831 955 interfecta
851 893 950 973 esset,
977 888 1053 972 quia
1074 909 1134 955 ne

116 978 242 1063 quisset
267 977 496 1044 contumeliam
521 978 659 1062 perpeti,
689 979 910 1062 exclamatque
937 998 1047 1044 amens
1076 975 1134 1042 do-

116 1066 200 1132 loret
237 1065 346 1142 ‘Quod
372 1086 433 1152 ego
459 1069 589 1132 tanturn
615 1066 706 1133 nefas
733 1067 893 1151 commisi,
927 1063 1132 1131 Alexander?

118 1175 213 1238 quem
243 1158 374 1219 tuorum
404 1154 658 1238 propinquorum
688 1156 813 1238 necari,
844 1159 882 1219 ut
911 1154 996 1219 hanc
1027 1153 1133 1219 vicem

116 1243 255 1309 redderes
277 1242 430 1307 auantiae
453 1241 568 1307 meae?
605 1241 710 1308 Odisti
732 1262 794 1327 me,
815 1264 884 1309 non
907 1241 1036 1327 quidem
1057 1261 1132 1324 pro-

118 1333 266 1394 vocatus:
304 1328 360 1394 sed
390 1330 481 1414 finge
506 1330 629 1395 iustum
658 1331 805 1395 intulisse
831 1334 864 1394 te
891 1331 1026 1411 bellum,
1058 1350 1131 1394 oum

64 1439 99 1488 0
64 1416 248 1488 femrms
270 1437 346 1502 erqo
370 1437 466 1502 agere
489 1417 678 1483 debuerasi'
707 1418 866 1520 Tyriotes
884 1417 1053 1485 adfirmare
1075 1439 1134 1501 per

118 1504 195 1570 deos
227 1505 351 1607 petrice
381 1505 508 1573 nihil
498 1528 535 1573 m
566 1528 637 1571 eam
673 1507 804 1592 gravium
833 1527 903 1570 esse
933 1505 1133 1571 consultum:

117 1593 315 1677 ingemuisse
345 1593 444 1661 etiam
470 1593 690 1659 Alexandrum
720 1594 821 1659 morti
852 1598 888 1658 et
910 1615 977 1661 non
1003 1593 1136 1677 parcius

64 1702 98 1751 31
117 1681 274 1783 decime,
285 1703 381 1767 quem
404 1682 473 1766 ipse
494 1682 685 1748 lacrimaret
725 1681 781 1747 Ob
798 1681 909 1747 haec
900 1703 970 1762 1psa
992 1682 1134 1748 ementis

118 1769 248 1835 animus
263 1769 299 1835 in
323 1769 572 1836 sollicitudinem
592 1770 869 1854 suspicionemque
887 1770 1051 1835 revolutus
1073 1773 1133 1852 eet,

118 1857 314 1923 desiderium
347 1857 492 1941 captivae
527 1857 672 1940 profecto
709 1880 729 1924 a
765 1857 994 1923 consuetudine
1027 1858 1132 1940 stupri

65 1965 100 2014 ea
119 1948 229 2010 ortum
249 1966 320 2010 esse
343 1945 536 2011 coniectans.
576 1943 753 2011 Summotis
775 1947 876 2032 igitur
897 1945 1040 2029 arbitrie,
1065 1967 1131 2013 uno

117 2032 286 2098 dumtaxat
312 2031 447 2115 Tyriote
473 2036 612 2116 retento,
641 2033 707 2098 iam
733 2054 800 2100 non
826 2034 921 2118 flens,
948 2033 1005 2098 sed
1030 2035 1131 2117 suspi-

117 2141 203 2204 rans,
225 2118 389 2186 Videsne'
390 2120 541 2204 ,inquit
566 2083 725 2206 Tyriote
682 2123 853 2187 tlocum
875 2121 1043 2187 mendacio
1065 2143 1132 2187 non

118 2170 210 2273 casei,
233 2208 426 2275 tormonte
416 2230 482 2277 reru
504 2208 558 2274 hie
580 2213 686 2274 erun
678 2258 686 2274 .
658 2210 768 2275 tsed
784 2231 826 2275 ne
841 2210 1061 2293 expectaveris
1074 2231 1134 2292 per

118 2295 205 2380 deos,
227 2297 255 2361 si
278 2296 354 2380 quid
376 2296 438 2361 tibi
460 2295 509 2361 tui
530 2297 616 2382 regis
634 2298 834 2364 reverentiae
851 2301 912 2362 est:
934 2319 1023 2381 num,
1046 2297 1132 2381 quod

118 2388 152 2449 et
174 2384 256 2450 scire
278 2387 393 2468 expeto
411 2386 444 2448 et
462 2405 615 2468 quaerere
629 2385 737 2470 pudet,
760 2407 858 2455 ausus
872 2388 922 2451 eet
935 2389 968 2450 et
981 2384 1132 2451 dominns

65 2491 100 2541 ee
119 2477 152 2537 et
173 2470 331 2541 iuveoie‘l'
357 2471 419 2538 Ille
441 2472 624 2556 quaestioni
645 2494 762 2558 corpus
784 2474 908 2559 offerre,
931 2473 1007 2539 deos
1029 2476 1131 2541 testes

65 2579 100 2628 34
118 2560 277 2640 invocare,
299 2564 387 2627 caste
409 2563 582 2645 sancteque
599 2560 744 2626 habitam
764 2583 834 2627 esse
855 2562 1010 2647 reginam.
1047 2561 1132 2628 Ten·

119 2649 192 2714 dem
210 2653 248 2714 ut
267 2649 346 2715 fides
364 2648 453 2714 faeta
469 2652 519 2714 est
536 2670 614 2714 rere
630 2671 710 2733 esee,
728 2672 810 2735 quae
823 2650 1007 2716 adfirmaret
1020 2649 1134 2733 spado,

118 2737 224 2820 capite
246 2738 353 2802 velato
376 2737 430 2801 diu
453 2735 548 2803 flevit
564 2738 834 2824 manantibusque
855 2738 959 2804 adhuc
980 2738 1135 2821 lacrimis,

117 2827 207 2889 veste
234 2825 276 2889 ab
304 2845 360 2890 ore
385 2824 517 2908 reiecta,
545 2824 586 2889 cd
613 2826 738 2891 caelum
759 2847 874 2889 manus
896 2825 1047 2909 tendens,
1074 2788 1135 2891 Di

117 2910 237 2995 patrii',
258 2911 405 3012 inquit,
407 2911 547 2995 primum
569 2911 649 2976 mihi
672 2912 814 2979 stabilite
836 2933 987 2997 regnum:
1011 2913 1134 2998 deinde,

118 2997 147 3064 si
169 2999 208 3065 de
231 3019 283 3063 me
304 2999 376 3064 iam
393 3002 595 3065 transactum
621 3002 684 3084 est,
715 3021 842 3084 precor,
867 3022 908 3065 ne
931 3001 1003 3086 quis
1025 3003 1134 3103 potius

116 3086 216 3153 Asiae
237 3106 295 3150 rex
316 3087 369 3201 eit,
391 3108 488 3171 quem
509 3087 576 3154 iste
592 3089 662 3154 tam
684 3086 793 3155 iustus
811 3088 926 3174 hostis,
946 3092 1016 3154 tem
1036 3090 1134 3156 mise-

116 3174 222 3240 ricors
240 3172 363 3241 victor?

541 3329 699 3400 (3le

66 3455 88 3502 1
196 3436 318 3522 Itaque
344 3458 541 3524 quemquam
566 3438 689 3505 frustm
714 3459 794 3524 pace
819 3440 873 3506 bis
897 3441 1000 3525 petita
1022 3441 1174 3507 omnia4i

85 3519 127 3583 in
163 3522 289 3592 bellurn
327 3527 473 3597 coneilio
502 3530 728 3616 converteret,
758 3527 868 3594 rietus
896 3534 1012 3592 tamen
1039 3531 1139 3592 conti-
