2356 3846
107 172 153 234 44
482 169 514 235 Q.
533 168 642 225 cuam
661 169 748 224 RUFI

106 314 269 380 tinentes‘?
301 311 538 380 Senescendum
559 315 629 380 fore
651 318 780 378 tantum
804 317 960 378 terrarum
982 314 1034 378 vel
1053 313 1124 379 sine

72 403 230 488 eproelio
255 403 397 468 obeunti.
443 401 483 467 Se
512 425 588 468 vero
616 402 657 467 ad
676 403 792 486 >ipsum
816 423 931 467 vocare
954 401 1124 484 desineret,

72 510 247 575 unamque
269 491 356 556 illius
379 491 476 556 exitio
499 512 533 556 se
554 512 624 556 esse
642 489 835 555 venturum'
871 489 1057 555 Alexander
1073 491 1126 575 iis,

109 581 164 663 qui
190 580 315 643 litteras
343 581 532 663 attulerant,
560 580 740 663 respondit,
764 576 906 643 Dareum
930 578 992 642 sibi
1015 577 1123 644 aliena

108 668 296 752 promittere
317 671 359 749 et,
381 668 467 751 quod
484 671 591 732 totum
610 667 762 751 amiserit,
784 668 866 731 velle
884 666 1008 750 partiri.
1044 665 1124 732 Doti

109 755 171 820 sibi
194 755 264 819 dari
286 755 437 840 Lydiam,
458 755 569 840 Ionas,
592 755 772 840 Aeolidem,
794 754 999 838 Hellesponti
1023 776 1127 840 oram,

108 844 261 908 victoriae
284 865 360 908 suae
383 845 535 928 praemia.
569 842 672 928 Leges
693 846 801 908 autem
819 865 839 906 a
856 843 1033 907 uictoribus
1053 843 1125 927 dici,

110 932 212 1014 accipi
239 954 259 996 a
286 933 393 997 vietis:
429 933 465 996 in
491 936 565 997 utro
593 936 681 996 statu
709 931 804 996 ambo
832 934 954 1015 essent,
984 930 1011 995 si
1035 933 1124 997 solus

73 1020 287 1104 signoraret,
318 1021 577 1105 quamprimum
599 1019 704 1084 Marte
727 1020 919 1084 decerneret.
965 1017 1005 1083 Se
1031 1020 1124 1104 [qno-

110 1105 198 1193 quel,
230 1130 303 1173 cum
329 1109 482 1173 transiret
508 1130 610 1191 mare,
636 1129 704 1174 non
731 1105 879 1172 Ciliciam
906 1111 962 1172 aut
983 1105 1126 1190 Lydiam

110 1196 402 1368 ..asaroth
415 1196 664 1369 bitluindgi
686 1196 884 1379 11111
885 1195 1127 1349 Heldo

109 1370 279 1436 Ecbatana
304 1373 473 1456 ultimique
496 1370 637 1437 Orientis
665 1394 755 1438 oram
778 1368 912 1455 imperio
935 1371 1127 1437 destinasse

111 1459 320 1543 Quocumque
347 1460 402 1525 ille
428 1460 541 1544 fugere
567 1460 739 1544 potuisset,
767 1461 874 1543 ipsum
901 1459 990 1542 sequi
1012 1481 1126 1543 posset

111 1546 272 1611 desineret
283 1551 403 1612 terrere
416 1548 611 1633 fluminibus,
625 1569 721 1632 quem
734 1549 830 1612 sciret
843 1548 945 1611 maria
958 1548 1126 1614 transisse.

75 1656 92 1705 9
199 1634 305 1720 Reges
346 1636 475 1719 quidem
508 1637 589 1701 haec
624 1637 762 1700 invicem
798 1636 1001 1718 scripserant.
1061 1633 1168 1701 &aaa

109 1721 230 1788 Rhodii
257 1724 370 1788 urbem
398 1747 490 1789 suam
525 1728 702 1809 portusque
738 1723 899 1788 dedebant
929 1721 1127 1793 Alexandro.

109 1809 170 1875 llle
197 1809 343 1876 Ciliciam
370 1811 495 1878 Socrati
520 1813 698 1877 tradiderat
724 1811 855 1876 Philota
886 1811 1013 1896 regioni
1040 1812 1128 1877 circa

110 1898 234 1981 Tyrum
261 1900 349 1966 iusso
376 1901 566 1984 praesidere.
612 1897 752 1984 Syriam,
781 1920 862 1982 quae
891 1896 987 1964 Ooele
1015 1901 1128 1984 appel·

110 1987 211 2070 latur,
241 1987 470 2053 Andromacho
500 1986 671 2052 Parmenio
702 1987 879 2051 tradiderat
907 1986 1007 2071 bello,
1039 1987 1128 2073 quod

59 2095 93 2145 10
112 2079 292 2160 supererat,
319 2077 541 2140 interfuturus.
584 2074 654 2140 Rex
680 2074 920 2159 Hephaestione
946 2074 1129 2141 Phoenices

113 2183 203 2227 oram
230 2164 332 2228 classe
359 2163 560 2248 praetervehi
587 2163 675 2228 iusso
706 2163 746 2227 ad
774 2162 887 2228 urbem
909 2161 1030 2227 Gazam
1054 2185 1129 2229 cnm

113 2251 262 2315 omnibus
285 2253 386 2336 copiis
408 2251 506 2317 venit.

60 2360 93 2408 11
200 2337 319 2404 Iisdem
348 2340 415 2404 fere
443 2340 554 2405 diebus
583 2341 738 2405 sollemne
765 2342 835 2403 erat
861 2339 1020 2403 ludicrum
1043 2339 1130 2405 Isth·

111 2427 265 2511 miorum,
288 2428 374 2512 quod
397 2432 557 2493 conventu
578 2427 679 2493 totius
694 2425 847 2491 Graeciae
866 2427 1057 2493 celebratur.
1089 2427 1130 2493 In

113 2537 151 2580 eo
182 2516 318 2581 concilio
346 2514 474 2599 Graeci,
505 2519 542 2580 ut
571 2519 649 2580 sunt
674 2515 870 2598 temporaria
895 2515 1042 2600 ingenia,
1077 2516 1128 2581 de·

113 2607 262 2688 cernunt,
294 2608 331 2668 ut
356 2622 404 2669 xv
426 2605 611 2689 legarentur
633 2604 674 2668 ad
696 2623 820 2688 regem,
850 2603 904 2686 qui
928 2603 969 2668 ob
992 2624 1045 2668 res
1069 2626 1129 2689 pro

114 2692 217 2757 salute
249 2713 287 2756 ac
317 2692 468 2757 libertate
499 2690 651 2757 Graeciae
680 2696 787 2776 gestas
815 2712 969 2756 coronam
997 2712 1129 2757 auream

61 2799 95 2847 12
114 2779 234 2845 donum
264 2781 419 2846 victoriae
449 2780 579 2845 ferrent.
628 2779 718 2845 ldem
750 2780 847 2863 paulo
879 2782 955 2844 ante
985 2779 1130 2845 incertae

113 2867 220 2932 famae
252 2872 463 2952 captaverant
489 2890 614 2951 auram,
646 2871 696 2951 ut,
728 2888 927 2951 quocumque
949 2868 1130 2951 pendentes

115 2957 239 3021 animos
262 2956 392 3020 tulisset
408 2955 553 3039 fortuna,
576 2958 792 3040 sequerentur.

61 3064 95 3112 11
203 3041 354 3108 Ceterum
377 3065 446 3108 non
467 3044 537 3128 ipse
566 3043 662 3109 modo
689 3065 746 3108 rex
768 3043 881 3109 obibat
902 3042 999 3107 urbes
1022 3040 1168 3111 1111111121

113 3133 235 3234 iugum
248 3132 375 3215 imperii
396 3136 589 3216 recusantes,
613 3131 668 3197 sed
686 3136 850 3216 praetores
869 3151 996 3216 quoquc
1015 3131 1131 3217 ipsine,

115 3221 238 3306 egregii
270 3220 379 3303 duces,
411 3222 563 3305 pleraque
589 3222 788 3304 invaserant,
821 3217 917 3285 Calas
943 3217 1129 3307 Paphlago·

106 3309 213 3394 niam,
234 3270 420 3394 Antigortus
433 3307 640 3393 Lycaoniam.
674 3307 829 3373 Balacrus
843 3306 1007 3392 Hydarne,
1029 3306 1130 3375 Darei

61 3417 97 3466 11
113 3400 276 3481 praetore,
306 3401 456 3483 superato
421 3398 585 3463 tdenuo
607 3397 754 3462 Miletum
777 3397 875 3479 cepit.
906 3394 1131 3479 Amphoterus

99 3489 138 3543 et
144 3484 363 3565 Hegelochus
384 3503 454 3552 onx
465 3488 598 3552 navium
616 3487 718 3552 classe
733 3486 856 3550 insulas
869 3483 954 3548 inter
966 3483 1130 3551 Achaiam

20 3573 60 3619 ta
76 3567 185 3643 atque
194 3569 319 3638 Asiam
334 3576 372 3640 in
389 3576 558 3645 dicionem
574 3575 758 3644 Alexandri
768 3574 973 3659 redegerunt.
984 3570 1137 3671 ,nesae
