2356 3846
116 154 160 218 22
206 137 209 141 ’
485 153 517 219 o.
540 153 657 211 'cuum
674 155 761 210 aun

113 300 189 383 ipsa
220 300 394 364 multorum
427 299 522 364 simul
548 300 698 364 manibus
726 299 881 366 convulsa
906 301 942 364 in
970 321 1040 384 eos,
1072 300 1130 384 qui

61 407 95 456 21
116 391 354 470 conmoverant,
378 388 571 451 recidebant.
605 386 673 452 Nec
697 393 783 452 stare
801 409 879 473 ergo
896 391 1051 470 poterant
1067 409 1128 452 nec

114 476 190 557 niti,
219 497 260 539 ne
288 475 449 540 testudine
477 475 606 559 quidem
628 476 770 560 protegi,
802 497 874 540 cum
896 479 1009 540 tantae
1032 476 1128 540 molis

115 583 215 628 onera
241 563 458 646 propellerent
485 563 625 627 barbari.
669 561 792 647 Regem
816 585 884 629 non
907 563 1000 629 dolor
1022 563 1130 646 modo,

116 651 171 715 sed
205 651 302 714 etiam
333 652 438 734 pudor
468 655 588 715 temere
620 651 655 715 in
685 651 759 715 illas
792 651 961 735 angustias
989 650 1130 716 coniecti

61 759 95 806 22
115 739 273 802 exercitus
293 740 443 824 angebat.
473 738 616 813 invictus
635 742 710 803 ante
729 760 799 803 eam
813 738 899 803 diem
911 738 1027 822 fuerat,
1045 738 1131 802 nihil

114 826 236 890 frustra
259 848 368 900 ausus:
392 827 513 909 inpune
537 824 668 890 Ciliciae
690 826 800 891 fauces
823 827 1015 909 intraverat,
1038 848 1130 890 mare

116 935 241 998 quoque
272 936 392 979 novum
418 915 454 979 in
480 914 708 997 Pamphyliam
735 915 797 979 iter
826 918 1013 998 aperuerat:
1050 917 1130 978 tune

114 1002 299 1067 haesitabat
334 1002 535 1085 deprehensa
570 1002 709 1066 felicitas
741 1023 801 1078 nec
832 1002 919 1066 aliud
950 1001 1131 1066 remedium

62 1110 96 1158 23
116 1093 194 1172 erat,
217 1111 313 1173 quam
332 1090 459 1172 reverti,
482 1111 546 1173 qua
563 1093 705 1155 venerat.
738 1089 852 1174 Itaque
872 1091 965 1174 signo
983 1090 1132 1172 receptui

115 1177 192 1242 dato
225 1178 367 1241 densatis
400 1177 569 1242 ordinibus
601 1178 764 1260 scutisque
795 1199 891 1260 super
917 1177 1027 1259 capita
1053 1199 1130 1242 con·

116 1266 212 1329 sertis
238 1268 326 1330 retro
359 1264 493 1329 evadere
523 1287 562 1329 ex
593 1265 752 1350 angustiis
783 1265 881 1330 iubet.
936 1282 1007 1329 xxx
1038 1264 1130 1328 fuere

115 1352 235 1436 stadia,
258 1373 340 1435 quae
363 1353 501 1417 remensi
524 1356 608 1418 sunt

540 1509 618 1578 Car.
640 1511 697 1577 IV.

81 1636 95 1684 1
204 1613 287 1679 Tum
310 1617 425 1680 castris
447 1616 588 1699 undique
609 1619 722 1699 aperto
740 1617 812 1681 loco
830 1615 946 1699 positis
965 1637 1034 1681 non
1052 1621 1177 1686 con-13

116 1704 237 1767 sultare
260 1704 369 1786 modo,
398 1703 475 1789 quid
498 1703 659 1788 agendum
682 1707 780 1786 esset,
808 1704 863 1768 sed
886 1708 976 1769 vates
1000 1725 1130 1788 quoque

79 1790 268 1860 redhibere
290 1792 399 1874 coepit
420 1813 440 1855 a
463 1791 694 1875 superstitione
717 1792 824 1856 animi.
864 1789 926 1855 Sed
950 1791 1027 1874 quid
1050 1796 1130 1856 tunc

118 1879 303 1963 praedicere
325 1879 531 1961 Aristander,
558 1879 609 1943 cui
635 1879 812 1961 plurimum
837 1878 989 1944 credebat
1012 1901 1052 1943 ex
1075 1902 1130 1965 22-

114 1967 217 2049 tibus,
248 1966 397 2049 poterat?
443 1965 556 2049 Itaque
580 1966 741 2030 damnatis
764 1967 1001 2050 intempestivis
1031 1969 1129 2031 sacri·

11 2089 13 2092 ·
115 2054 198 2119 ficiis
229 2054 351 2137 peritos
382 2054 528 2118 locorum
559 2054 731 2118 convocari
761 2054 865 2118 iubet:
901 2075 959 2137 per
986 2053 1130 2119 Mediam

78 2161 97 2210 a
116 2142 178 2206 iter
201 2140 417 2206 ostendebant
438 2144 546 2204 tutum
568 2144 788 2225 apertumque.
825 2140 887 2206 Sed
907 2162 964 2205 rex
981 2141 1129 2207 deserere

116 2229 237 2292 milites
271 2229 452 2311 insepultos
486 2228 696 2294 erubescebat
726 2230 774 2293 ita
803 2229 924 2293 tradito
957 2251 1060 2313 more,
1092 2235 1130 2294 ut

116 2317 170 2380 vix
199 2316 300 2380 ullum
331 2316 467 2380 militiae
494 2320 562 2380 tam
590 2317 745 2382 sollemne
772 2321 858 2381 esset
884 2339 1000 2382 munus
1020 2341 1129 2402 -quam

79 2426 98 2475 4
116 2403 272 2468 humandi
294 2425 379 2469 suos.
424 2401 578 2486 Captivos
601 2424 691 2488 ergo,
720 2425 801 2488 quos
823 2426 927 2487 nuper
949 2411 1129 2489 exceperat,

115 2492 223 2558 vocari
245 2490 348 2555 iubet:
370 2492 454 2555 inter
477 2512 557 2574 quos
577 2495 647 2556 erat
664 2492 795 2575 quidam
809 2490 953 2557 Graecae
965 2491 1129 2559 Persicae·

116 2602 178 2665 que
213 2579 345 2665 linguae
380 2579 515 2663 peritus,
552 2579 608 2662 qui
638 2579 760 2645 frustra
791 2601 864 2644 eum
895 2580 931 2644 in
962 2579 1129 2646 Persidem

122 2668 283 2733 montium
309 2666 406 2731 dorso
436 2667 609 2732 exercitum
633 2667 746 2733 ducere
770 2668 932 2733 adfirmat:
962 2668 1128 2734 silvestres

116 2777 187 2820 esse
210 2755 322 2837 calles,
343 2755 397 2818 vix
420 2754 556 2839 singulis
578 2755 721 2838 pervios:
754 2756 864 2821 omnia
886 2756 1017 2840 contegi
1039 2757 1129 2822 fron-

116 2843 211 2907 dibus
242 2843 451 2927 inplexosque
479 2843 631 2906 arborum
657 2863 764 2907 ramos
793 2844 890 2908 211222
917 2845 1129 2910 committere.

79 2928 265 3013 sNamque
293 2929 401 2995 Persis
433 2929 473 2995 ab
506 2930 609 2995 altero
640 2930 740 2993 latere
770 2932 937 3013 perpetuis
966 2934 1129 2996 montium

79 3017 202 3102 eiugis
231 3017 397 3083 clauditur.
442 3016 514 3082 Hoc
539 3018 685 3099 dorsum,
716 3017 802 3100 quod
828 3018 864 3080 in
890 3020 1129 3104 longitudinem

116 3121 199 3188 noc,
221 3105 256 3168 in
277 3104 482 3169 latitudinem
506 3121 596 3170 cxxx
618 3104 724 3168 stadie
746 3107 915 3189 procurrit,
939 3129 959 3171 a
981 3105 1128 3173 Caucaso

116 3195 227 3257 monte
252 3191 293 3256 ad
314 3193 449 3256 rubrum
466 3213 556 3257 mare
573 3190 724 3275 pertinet,
746 3212 872 3277 quaque
891 3193 1009 3259 defecit
1026 3217 1128 3281 mone,

117 3281 205 3345 aliud
231 3279 481 3363 munimentum,
513 3280 644 3362 fretum,
676 3279 838 3345 obiectum
865 3284 924 3346 est
968 3281 1127 3348 Planities

117 3367 230 3433 deinde
267 3368 327 3432 sub
363 3365 524 3432 radicibus
560 3366 721 3433 montium
757 3368 900 3452 spatiosa
935 3373 1128 3455 procumbit,

107 3455 232 3520 fbrtilis
259 3458 347 3520 terra
374 3455 549 3540 multisque
576 3454 657 3521 21212
684 3458 780 3539 atque
807 3456 940 3520 urbibus
967 3457 1128 3543 frequens.

52 3553 75 3599 7
88 3537 225 3606 Araxes
254 3544 368 3611 amnis
390 3565 458 3630 per
483 3543 547 3612 hos
576 3564 712 3631 campos
737 3543 918 3608 multorum
941 3566 1044 3626 aquas
1061 3551 1129 3610 ter-
