2356 3846
510 231 719 339 ..⁸6—

111 397 144 459 et
163 393 303 478 amplius
323 393 358 456 in
376 391 500 457 deliciis
520 391 746 457 educaverunt.
778 390 864 456 Puer
881 394 991 457 autem
1010 391 1133 476 puerili

110 504 200 549 more
224 482 263 548 de
287 484 380 546 tanta
401 480 631 567 procuratione
653 481 736 545 benc
765 483 937 546 contentus
962 480 1002 544 de
1026 483 1133 546 matre

111 571 272 637 modicum
297 570 537 636 sollicitabatur
560 591 619 635 neo
642 569 777 635 curavit.

74 658 93 722 8
197 659 305 725 Mater
331 681 407 724 vero
437 659 557 724 amisso
586 659 654 724 filio
682 659 791 743 coepit
818 659 896 724 flere
924 659 1132 724 amarissime

30 763 32 767 ’
111 754 145 814 εὴ
160 749 269 814 dolere
289 753 322 814 et
340 750 493 834 plangere
512 749 647 832 planctu
666 769 786 833 magno
806 748 928 813 dicens:
953 746 993 814 ‘0
1009 748 1057 812 mi
1075 747 1155 833 fflb⁵

107 842 303 992 ttttt?
326 837 1004 992 tt?ttstlta?bttu3s'255¹²lt⁸
1020 839 1132 990 dit

110 1020 245 1100 propter
277 1019 309 1081 te
343 1016 459 1081 orbata
491 1015 654 1081 solucione
685 1018 794 1080 tecum
830 1015 864 1079 in
901 1015 1000 1081 exilio
1028 1015 1131 1081 vitam

108 1105 203 1170 finire
233 1104 424 1184 deliberavi,
463 1103 558 1170 Nunc
586 1106 696 1169 autem
724 1125 785 1190 ego
814 1105 1012 1190 paupercula
1043 1104 1131 1170 omni

108 1194 226 1260 horum
246 1216 304 1277 spe
323 1193 480 1258 destituta
499 1214 563 1278 quo
581 1193 764 1258 divertam?
797 1193 848 1258 Ad
868 1195 1011 1278 patriam
1025 1193 1129 1259 redire
1141 1209 1163 1249 1⁰

110 1286 142 1348 et
161 1283 209 1347 ibi
228 1283 312 1347 inter
332 1281 454 1347 amicos
469 1282 572 1348 vitam
587 1283 676 1347 omni
693 1282 816 1347 solacio
836 1283 996 1348 destituta
1014 1281 1129 1347 ducere

109 1371 186 1456 quid
222 1371 309 1435 aliud
343 1376 429 1436 esset
460 1394 557 1457 quam
590 1372 688 1436 morti
724 1371 849 1437 aditum
877 1370 1012 1437 cottidie
1041 1393 1128 1457 prae-

108 1460 248 1543 parare?
288 1458 405 1524 Melius
435 1463 485 1524 est
512 1460 593 1524 mihi
621 1461 707 1524 inter
733 1460 864 1546 ignotos
895 1466 929 1525 et
958 1465 1127 1525 extraneos

107 1549 223 1614 mortis
247 1549 420 1633 imperium
442 1549 652 1633 praestolari,
680 1571 761 1633 quac
785 1553 823 1615 ut
851 1572 945 1634 spero
969 1550 1026 1614 hic
1049 1549 1127 1614 mihi

107 1637 204 1702 citius
223 1637 339 1723 rapiet,
357 1638 413 1702 ubi
432 1638 522 1702 nullo
541 1638 668 1717 reficior
687 1638 819 1723 solacio,
842 1660 939 1723 quam
961 1640 996 1704 in
1010 1638 1124 1723 patria,
1137 1651 1156 1692 1⁵

106 1726 164 1791 ubi
193 1726 332 1792 fortasse
364 1727 473 1810 aliquo
505 1727 684 1792 amicorum
717 1727 829 1791 adiuta
860 1727 1027 1812 praesidio
1061 1728 1125 1792 eius

106 1837 236 1898 possem
268 1814 391 1880 diutius
422 1816 596 1880 adventum
624 1815 849 1900 praestolarc'.
892 1815 953 1893 His
985 1820 1020 1881 et
1048 1818 1126 1882 eius·

108 1905 196 1968 modi
223 1904 410 1988 planctibus
438 1904 556 1969 fortius
586 1908 619 1969 et
648 1905 778 1988 saepius
808 1905 966 1970 revolutis
997 1906 1127 1970 tandem

106 1994 305 2077 paupercula
341 1993 380 2058 de
420 1993 481 2058 filii
512 1994 758 2077 recuperatione
795 1995 968 2078 desperata
1004 1995 1127 2060 victum

107 2083 272 2167 manibus,
303 2085 340 2147 ut
362 2082 453 2166 prius
478 2086 702 2166 consueverat,
726 2083 888 2166 quaesivit
911 2086 944 2147 et
968 2083 1073 2150 vitam
1095 2085 1158 2148 ino

108 2172 260 2236 continuo
289 2171 424 2255 planctu
451 2174 484 2235 et
507 2192 653 2236 macrore
680 2192 739 2255 per
766 2172 875 2255 plures
900 2193 1004 2238 annos
1029 2173 1128 2238 duxit.

71 2257 91 2321 9
197 2259 341 2324 Tandem
369 2258 501 2343 reprobi
528 2263 725 2325 mercatores
758 2261 916 2344 praedicti
944 2263 1128 2346 cogitatum

107 2371 201 2413 suum
224 2347 405 2433 malignum
429 2347 469 2412 ad
493 2347 642 2412 effectum
670 2349 844 2431 perducere
869 2354 1060 2434 satagentes
1083 2373 1129 2416 re-

107 2438 244 2502 collecta
274 2437 406 2502 navium
444 2437 654 2501 multitudine
689 2437 729 2502 ad
763 2443 896 2521 portum
930 2438 1129 2506 Graecorum

107 2527 274 2610 applicant
310 2527 419 2610 ibique
457 2523 710 2593 Constantinum
745 2549 882 2610 puerum
923 2526 1162 2612 praedicamur

106 2614 252 2678 vestibus
290 2615 488 2679 ornamentis
526 2620 559 2679 et
592 2615 804 2699 apparatibus
836 2616 936 2700 regiis
970 2618 1129 2682 amictum

108 2724 216 2767 secum
250 2703 452 2768 adduxerunt
485 2705 518 2766 et
549 2705 681 2768 nuntios
715 2704 771 2788 qui
805 2704 981 2770 adventum
1014 2728 1129 2772 eorum

108 2812 181 2855 cum
213 2792 300 2857 dicto
332 2813 431 2874 puero
467 2791 657 2874 imperatori
694 2791 891 2859 Graecorum
927 2795 1129 2880 nuntiarent,

180 3017 353 3086 odereliqui
372 3018 409 3086 F,
429 3017 537 3087 deliqui
554 3019 592 3074 D.
666 3019 761 3074 rullo
779 3023 837 3090 ipse
856 3023 966 3078 conieci.
1001 3028 1083 3079 affl>
1101 3023 1129 3079 D

109 3089 251 3158 (animet),
271 3090 390 3144 amodo
411 3091 446 3147 F.
480 3091 623 3157 Fortasse,
647 3092 729 3145 etiam
749 3093 892 3148 uerborum
909 3095 1053 3163 positione
1071 3114 1129 3152 mu·

108 3166 168 3215 tuto
192 3162 232 3215 sc'c
253 3162 425 3217 scribendum
448 3167 499 3216 est.-
524 3177 581 3215 non
607 3161 704 3215 curavi
725 3162 784 3216 ullo
808 3163 893 3218 modo
914 3163 1019 3219 videre.
1097 3172 1128 3221 12

108 3230 236 3285 additum
250 3233 326 3286 codd.
400 3231 518 3287 cottidie
533 3234 609 3289 codd.
684 3239 718 3287 14
733 3235 762 3287 et
778 3239 810 3289 15
829 3234 918 3290 Verbo
936 3235 983 3289 hic
1001 3236 1076 3292 mihi
1094 3268 1128 3279 -

108 3319 260 3372 quamam.
280 3302 316 3357 F.
409 3310 442 3359 17
466 3303 639 3374 praestolare
664 3306 740 3360 codd.
763 3307 880 3370 fortasse
902 3309 985 3362 etiam
1003 3308 1129 3365 hocloco

108 3380 243 3445 utsupra
261 3375 434 3430 scribendam
452 3381 491 3430 est
508 3374 684 3446 praestolari.
706 3407 738 3415 -
758 3376 821 3430 Hiis
841 3378 917 3432 codd.
1002 3381 1050 3450 23)
1065 3384 1129 3450 port

93 3447 245 3503 recolecta
263 3445 299 3503 F
317 3444 348 3502 in
367 3447 466 3504 inserit
485 3449 557 3521 quod
575 3448 696 3504 ducatio
715 3447 752 3501 D.
843 3455 876 3503 27
895 3447 1032 3505 nunccios
1051 3450 1127 3508 codd.

83 3521 124 3572 28
141 3520 339 3580 nuncciarent
357 3523 438 3583 codd.
