<?xml version="1.0" encoding="UTF-8"?>
<!DOCTYPE html PUBLIC "-//W3C//DTD XHTML 1.0 Transitional//EN"
    "http://www.w3.org/TR/xhtml1/DTD/xhtml1-transitional.dtd">
<html xmlns="http://www.w3.org/1999/xhtml" xml:lang="en" lang="en">
 <head>
  <title>
</title>
<meta http-equiv="Content-Type" content="text/html;charset=utf-8" />
  <meta name='ocr-system' content='tesseract 3.04.00' />
  <meta name='ocr-capabilities' content='ocr_page ocr_carea ocr_par ocr_line ocrx_word'/>
</head>
<body>
  <div class='ocr_page' id='page_1' title='image "./incertiauctoris00heydgoog_0375.png"; bbox 0 0 2370 3834; ppageno 0'>
   <div class='ocr_carea' id='block_1_1' title="bbox 490 234 707 300">
    <p class='ocr_par' dir='ltr' id='par_1_1' title="bbox 490 234 707 300">
     <span class='ocr_line' id='line_1_1' title="bbox 490 234 707 300; baseline 0.009 -20"><span class='ocrx_word' id='word_1_1' title='bbox 490 234 707 300; x_wconf 74' lang='lat'><strong>..23-</strong></span> 
     </span>
    </p>
   </div>
   <div class='ocr_carea' id='block_1_2' title="bbox 43 393 1154 3322">
    <p class='ocr_par' dir='ltr' id='par_1_2' title="bbox 43 393 1154 3322">
     <span class='ocr_line' id='line_1_2' title="bbox 87 393 1107 480; baseline 0.006 -22"><span class='ocrx_word' id='word_1_2' title='bbox 87 393 279 459; x_wconf 90' lang='lat' dir='ltr'><strong>licatissime</strong></span> <span class='ocrx_word' id='word_1_3' title='bbox 310 394 514 459; x_wconf 90' lang='lat' dir='ltr'><strong>manducare.</strong></span> <span class='ocrx_word' id='word_1_4' title='bbox 558 394 743 480; x_wconf 79' lang='lat' dir='ltr'><strong>Imperator</strong></span> <span class='ocrx_word' id='word_1_5' title='bbox 774 418 852 461; x_wconf 77' lang='lat' dir='ltr'><strong>vero</strong></span> <span class='ocrx_word' id='word_1_6' title='bbox 884 418 953 462; x_wconf 90' lang='lat' dir='ltr'><strong>rem</strong></span> <span class='ocrx_word' id='word_1_7' title='bbox 985 399 1107 464; x_wconf 88' lang='lat' dir='ltr'><strong>tacitus</strong></span> 
     </span>
     <span class='ocr_line' id='line_1_3' title="bbox 88 481 1108 567; baseline 0.005 -20"><span class='ocrx_word' id='word_1_8' title='bbox 88 483 298 548; x_wconf 84' lang='lat' dir='ltr'><strong>considerans</strong></span> <span class='ocrx_word' id='word_1_9' title='bbox 312 481 472 548; x_wconf 83' lang='lat' dir='ltr'>Helenam</span> <span class='ocrx_word' id='word_1_10' title='bbox 485 486 562 567; x_wconf 89' lang='lat' dir='ltr'><strong>post</strong></span> <span class='ocrx_word' id='word_1_11' title='bbox 575 505 723 549; x_wconf 86' lang='lat' dir='ltr'><strong>mensam</strong></span> <span class='ocrx_word' id='word_1_12' title='bbox 737 485 778 550; x_wconf 95' lang='lat' dir='ltr'><strong>ad</strong></span> <span class='ocrx_word' id='word_1_13' title='bbox 792 507 826 550; x_wconf 90' lang='lat' dir='ltr'><strong>se</strong></span> <span class='ocrx_word' id='word_1_14' title='bbox 841 486 969 552; x_wconf 80' lang='lat' dir='ltr'><strong>vocarit</strong></span> <span class='ocrx_word' id='word_1_15' title='bbox 983 486 1108 554; x_wconf 85' lang='lat' dir='ltr'><strong>dicens:</strong></span> 
     </span>
     <span class='ocr_line' id='line_1_4' title="bbox 88 570 1108 657; baseline 0.003 -19"><span class='ocrx_word' id='word_1_16' title='bbox 88 570 315 657; x_wconf 67' lang='lat' dir='ltr'><strong>‘Nequaquam</strong></span> <span class='ocrx_word' id='word_1_17' title='bbox 343 572 393 636; x_wconf 89' lang='lat' dir='ltr'><strong>ita</strong></span> <span class='ocrx_word' id='word_1_18' title='bbox 420 576 471 638; x_wconf 90' lang='lat' dir='ltr'><strong>est</strong></span> <span class='ocrx_word' id='word_1_19' title='bbox 498 572 537 638; x_wconf 88' lang='lat' dir='ltr'><strong>dc</strong></span> <span class='ocrx_word' id='word_1_20' title='bbox 564 572 633 638; x_wconf 91' lang='lat' dir='ltr'><strong>filio</strong></span> <span class='ocrx_word' id='word_1_21' title='bbox 661 577 717 639; x_wconf 85' lang='lat' dir='ltr'><strong>tuo</strong></span> <span class='ocrx_word' id='word_1_22' title='bbox 746 578 780 639; x_wconf 91' lang='lat' dir='ltr'><strong>et</strong></span> <span class='ocrx_word' id='word_1_23' title='bbox 806 596 906 640; x_wconf 91' lang='lat' dir='ltr'><strong>uxore</strong></span> <span class='ocrx_word' id='word_1_24' title='bbox 929 576 999 641; x_wconf 90' lang='lat' dir='ltr'><strong>eius</strong></span> <span class='ocrx_word' id='word_1_25' title='bbox 1024 576 1108 642; x_wconf 91' lang='lat' dir='ltr'><strong>sicut</strong></span> 
     </span>
     <span class='ocr_line' id='line_1_5' title="bbox 88 660 1109 751; baseline 0.005 -26"><span class='ocrx_word' id='word_1_26' title='bbox 88 660 213 744; x_wconf 70' lang='lat' dir='ltr'><strong>dixisti,</strong></span> <span class='ocrx_word' id='word_1_27' title='bbox 242 664 275 725; x_wconf 90' lang='lat' dir='ltr'><strong>et</strong></span> <span class='ocrx_word' id='word_1_28' title='bbox 306 660 372 725; x_wconf 90' lang='lat' dir='ltr'><strong>nisi</strong></span> <span class='ocrx_word' id='word_1_29' title='bbox 402 661 498 726; x_wconf 90' lang='lat' dir='ltr'><strong>nobis</strong></span> <span class='ocrx_word' id='word_1_30' title='bbox 526 662 566 727; x_wconf 86' lang='lat' dir='ltr'><strong>de</strong></span> <span class='ocrx_word' id='word_1_31' title='bbox 592 661 779 728; x_wconf 90' lang='lat' dir='ltr'><strong>huiusmodi</strong></span> <span class='ocrx_word' id='word_1_32' title='bbox 806 663 895 729; x_wconf 91' lang='lat' dir='ltr'><strong>dicas</strong></span> <span class='ocrx_word' id='word_1_33' title='bbox 927 665 1109 751; x_wconf 82' lang='lat' dir='ltr'><strong>veritatem,</strong></span> 
     </span>
     <span class='ocr_line' id='line_1_6' title="bbox 60 750 1109 836; baseline 0.005 -22"><span class='ocrx_word' id='word_1_34' title='bbox 60 750 291 834; x_wconf 71' lang='lat' dir='ltr'><strong>bimperialem</strong></span> <span class='ocrx_word' id='word_1_35' title='bbox 314 750 522 816; x_wconf 86' lang='lat' dir='ltr'><strong>maiestatem</strong></span> <span class='ocrx_word' id='word_1_36' title='bbox 539 754 573 816; x_wconf 81' lang='lat' dir='ltr'><strong>te</strong></span> <span class='ocrx_word' id='word_1_37' title='bbox 592 752 676 816; x_wconf 90' lang='lat' dir='ltr'><strong>scias</strong></span> <span class='ocrx_word' id='word_1_38' title='bbox 696 751 842 836; x_wconf 79' lang='lat' dir='ltr'><strong>graviter</strong></span> <span class='ocrx_word' id='word_1_39' title='bbox 865 753 1026 819; x_wconf 84' lang='lat' dir='ltr'><strong>offendere</strong></span> <span class='ocrx_word' id='word_1_40' title='bbox 1048 775 1109 819; x_wconf 91' lang='lat' dir='ltr'><strong>nee</strong></span> 
     </span>
     <span class='ocr_line' id='line_1_7' title="bbox 89 838 1108 924; baseline 0.006 -22"><span class='ocrx_word' id='word_1_41' title='bbox 89 838 232 904; x_wconf 76' lang='lat' dir='ltr'><strong>debitam</strong></span> <span class='ocrx_word' id='word_1_42' title='bbox 264 842 298 904; x_wconf 86' lang='lat' dir='ltr'><strong>te</strong></span> <span class='ocrx_word' id='word_1_43' title='bbox 328 839 460 904; x_wconf 88' lang='lat' dir='ltr'><strong>noveris</strong></span> <span class='ocrx_word' id='word_1_44' title='bbox 493 839 629 905; x_wconf 81' lang='lat' dir='ltr'><strong>evadere</strong></span> <span class='ocrx_word' id='word_1_45' title='bbox 660 862 768 924; x_wconf 87' lang='lat' dir='ltr'><strong>posse.</strong></span> <span class='ocrx_word' id='word_1_46' title='bbox 788 840 970 909; x_wconf 88' lang='lat' dir='ltr'><strong>ultionem&#39;.</strong></span> <span class='ocrx_word' id='word_1_47' title='bbox 1015 841 1108 918; x_wconf 82' lang='lat' dir='ltr'><strong>Quod</strong></span> 
     </span>
     <span class='ocr_line' id='line_1_8' title="bbox 89 926 1108 1015; baseline 0.004 -24"><span class='ocrx_word' id='word_1_48' title='bbox 89 928 224 992; x_wconf 89' lang='lat' dir='ltr'><strong>audiens</strong></span> <span class='ocrx_word' id='word_1_49' title='bbox 238 926 365 993; x_wconf 85' lang='lat' dir='ltr'><strong>Helena</strong></span> <span class='ocrx_word' id='word_1_50' title='bbox 378 927 473 993; x_wconf 91' lang='lat' dir='ltr'><strong>dixit:</strong></span> <span class='ocrx_word' id='word_1_51' title='bbox 492 927 643 994; x_wconf 73' lang='lat' dir='ltr'><strong>‘Domine</strong></span> <span class='ocrx_word' id='word_1_52' title='bbox 658 930 851 1013; x_wconf 83' lang='lat' dir='ltr'><strong>imperator:</strong></span> <span class='ocrx_word' id='word_1_53' title='bbox 870 951 908 994; x_wconf 94' lang='lat' dir='ltr'><strong>ex</strong></span> <span class='ocrx_word' id='word_1_54' title='bbox 923 952 987 1015; x_wconf 89' lang='lat' dir='ltr'><strong>quo</strong></span> <span class='ocrx_word' id='word_1_55' title='bbox 1002 930 1108 996; x_wconf 90' lang='lat' dir='ltr'><strong>modis</strong></span> 
     </span>
     <span class='ocr_line' id='line_1_9' title="bbox 89 1016 1109 1103; baseline 0.004 -23"><span class='ocrx_word' id='word_1_56' title='bbox 89 1017 241 1081; x_wconf 91' lang='lat' dir='ltr'><strong>omnibus</strong></span> <span class='ocrx_word' id='word_1_57' title='bbox 270 1016 352 1081; x_wconf 88' lang='lat' dir='ltr'><strong>seire</strong></span> <span class='ocrx_word' id='word_1_58' title='bbox 379 1017 479 1082; x_wconf 81' lang='lat' dir='ltr'><strong>voltis</strong></span> <span class='ocrx_word' id='word_1_59' title='bbox 506 1018 602 1082; x_wconf 88' lang='lat' dir='ltr'><strong>huius</strong></span> <span class='ocrx_word' id='word_1_60' title='bbox 630 1019 678 1082; x_wconf 92' lang='lat' dir='ltr'><strong>rei</strong></span> <span class='ocrx_word' id='word_1_61' title='bbox 704 1018 891 1103; x_wconf 83' lang='lat' dir='ltr'><strong>veritatem,</strong></span> <span class='ocrx_word' id='word_1_62' title='bbox 920 1019 1003 1085; x_wconf 92' lang='lat' dir='ltr'><strong>detis</strong></span> <span class='ocrx_word' id='word_1_63' title='bbox 1027 1019 1109 1084; x_wconf 90' lang='lat' dir='ltr'><strong>mihi</strong></span> 
     </span>
     <span class='ocr_line' id='line_1_10' title="bbox 88 1105 1109 1192; baseline 0.004 -24"><span class='ocrx_word' id='word_1_64' title='bbox 88 1105 233 1170; x_wconf 82' lang='lat' dir='ltr'><strong>indutias</strong></span> <span class='ocrx_word' id='word_1_65' title='bbox 257 1105 400 1171; x_wconf 92' lang='lat' dir='ltr'><strong>modicas</strong></span> <span class='ocrx_word' id='word_1_66' title='bbox 425 1109 458 1170; x_wconf 89' lang='lat' dir='ltr'><strong>et</strong></span> <span class='ocrx_word' id='word_1_67' title='bbox 481 1127 541 1192; x_wconf 83' lang='lat' dir='ltr'><strong>ego</strong></span> <span class='ocrx_word' id='word_1_68' title='bbox 561 1128 692 1172; x_wconf 88' lang='lat' dir='ltr'><strong>reversa</strong></span> <span class='ocrx_word' id='word_1_69' title='bbox 710 1129 784 1172; x_wconf 91' lang='lat' dir='ltr'><strong>cum</strong></span> <span class='ocrx_word' id='word_1_70' title='bbox 802 1107 872 1173; x_wconf 90' lang='lat' dir='ltr'><strong>filio</strong></span> <span class='ocrx_word' id='word_1_71' title='bbox 891 1129 964 1173; x_wconf 91' lang='lat' dir='ltr'><strong>meo</strong></span> <span class='ocrx_word' id='word_1_72' title='bbox 989 1111 1021 1172; x_wconf 90' lang='lat' dir='ltr'><strong>et</strong></span> <span class='ocrx_word' id='word_1_73' title='bbox 1039 1108 1109 1173; x_wconf 93' lang='lat' dir='ltr'><strong>filia</strong></span> 
     </span>
     <span class='ocr_line' id='line_1_11' title="bbox 48 1192 1109 1278; baseline 0.003 -20"><span class='ocrx_word' id='word_1_74' title='bbox 48 1210 75 1249; x_wconf 90' lang='lat'><strong>1⁰</strong></span> <span class='ocrx_word' id='word_1_75' title='bbox 90 1194 196 1258; x_wconf 90' lang='lat' dir='ltr'><strong>dicam</strong></span> <span class='ocrx_word' id='word_1_76' title='bbox 228 1192 344 1259; x_wconf 88' lang='lat' dir='ltr'><strong>vobis&#39;.</strong></span> <span class='ocrx_word' id='word_1_77' title='bbox 388 1193 573 1278; x_wconf 75' lang='lat' dir='ltr'><strong>Imperator</strong></span> <span class='ocrx_word' id='word_1_78' title='bbox 608 1217 685 1261; x_wconf 84' lang='lat' dir='ltr'><strong>vero</strong></span> <span class='ocrx_word' id='word_1_79' title='bbox 713 1217 748 1261; x_wconf 89' lang='lat' dir='ltr'><strong>se</strong></span> <span class='ocrx_word' id='word_1_80' title='bbox 779 1196 815 1260; x_wconf 92' lang='lat' dir='ltr'><strong>in</strong></span> <span class='ocrx_word' id='word_1_81' title='bbox 846 1196 910 1261; x_wconf 92' lang='lat' dir='ltr'><strong>hoc</strong></span> <span class='ocrx_word' id='word_1_82' title='bbox 942 1196 1109 1261; x_wconf 89' lang='lat' dir='ltr'><strong>difficilem</strong></span> 
     </span>
     <span class='ocr_line' id='line_1_12' title="bbox 88 1282 1109 1370; baseline 0.003 -23"><span class='ocrx_word' id='word_1_83' title='bbox 88 1282 240 1366; x_wconf 87' lang='lat' dir='ltr'><strong>reddens,</strong></span> <span class='ocrx_word' id='word_1_84' title='bbox 263 1282 320 1348; x_wconf 87' lang='lat' dir='ltr'><strong>sed</strong></span> <span class='ocrx_word' id='word_1_85' title='bbox 338 1283 444 1348; x_wconf 86' lang='lat' dir='ltr'><strong>victus</strong></span> <span class='ocrx_word' id='word_1_86' title='bbox 462 1284 594 1349; x_wconf 87' lang='lat' dir='ltr'><strong>tandem</strong></span> <span class='ocrx_word' id='word_1_87' title='bbox 612 1285 681 1350; x_wconf 89' lang='lat' dir='ltr'><strong>eius</strong></span> <span class='ocrx_word' id='word_1_88' title='bbox 706 1285 856 1370; x_wconf 90' lang='lat' dir='ltr'><strong>precibus</strong></span> <span class='ocrx_word' id='word_1_89' title='bbox 877 1286 963 1350; x_wconf 90' lang='lat' dir='ltr'><strong>diem</strong></span> <span class='ocrx_word' id='word_1_90' title='bbox 987 1289 1109 1351; x_wconf 87' lang='lat' dir='ltr'><strong>certam</strong></span> 
     </span>
     <span class='ocr_line' id='line_1_13' title="bbox 88 1371 953 1459; baseline 0.006 -24"><span class='ocrx_word' id='word_1_91' title='bbox 88 1371 244 1436; x_wconf 91' lang='lat' dir='ltr'><strong>redeundi</strong></span> <span class='ocrx_word' id='word_1_92' title='bbox 267 1375 300 1436; x_wconf 94' lang='lat' dir='ltr'><strong>et</strong></span> <span class='ocrx_word' id='word_1_93' title='bbox 321 1372 502 1455; x_wconf 89' lang='lat' dir='ltr'><strong>praemissa</strong></span> <span class='ocrx_word' id='word_1_94' title='bbox 524 1372 650 1438; x_wconf 91' lang='lat' dir='ltr'><strong>dicendi</strong></span> <span class='ocrx_word' id='word_1_95' title='bbox 674 1375 739 1438; x_wconf 90' lang='lat' dir='ltr'><strong>sibi</strong></span> <span class='ocrx_word' id='word_1_96' title='bbox 763 1374 953 1459; x_wconf 82' lang='lat' dir='ltr'><strong>assignavit.</strong></span> 
     </span>
     <span class='ocr_line' id='line_1_14' title="bbox 177 1459 1154 1547; baseline 0.002 -23"><span class='ocrx_word' id='word_1_97' title='bbox 177 1459 240 1524; x_wconf 88' lang='lat' dir='ltr'><strong>Die</strong></span> <span class='ocrx_word' id='word_1_98' title='bbox 255 1482 331 1525; x_wconf 88' lang='lat' dir='ltr'><strong>vero</strong></span> <span class='ocrx_word' id='word_1_99' title='bbox 347 1463 473 1526; x_wconf 86' lang='lat' dir='ltr'><strong>statuta</strong></span> <span class='ocrx_word' id='word_1_100' title='bbox 487 1461 677 1527; x_wconf 86' lang='lat' dir='ltr'><strong>adveniente</strong></span> <span class='ocrx_word' id='word_1_101' title='bbox 691 1461 819 1528; x_wconf 88' lang='lat' dir='ltr'><strong>Helena</strong></span> <span class='ocrx_word' id='word_1_102' title='bbox 833 1464 997 1546; x_wconf 90' lang='lat' dir='ltr'><strong>annulum,</strong></span> <span class='ocrx_word' id='word_1_103' title='bbox 1012 1485 1109 1547; x_wconf 84' lang='lat' dir='ltr'><strong>quem</strong></span> <span class='ocrx_word' id='word_1_104' title='bbox 1120 1461 1154 1527; x_wconf 67' lang='lat'><strong>3‘«</strong></span> 
     </span>
     <span class='ocr_line' id='line_1_15' title="bbox 89 1549 1111 1637; baseline 0.001 -23"><span class='ocrx_word' id='word_1_105' title='bbox 89 1549 154 1614; x_wconf 85' lang='lat' dir='ltr'><strong>sibi</strong></span> <span class='ocrx_word' id='word_1_106' title='bbox 177 1549 357 1633; x_wconf 87' lang='lat' dir='ltr'><strong>imperator</strong></span> <span class='ocrx_word' id='word_1_107' title='bbox 379 1549 415 1614; x_wconf 89' lang='lat' dir='ltr'><strong>in</strong></span> <span class='ocrx_word' id='word_1_108' title='bbox 438 1550 650 1616; x_wconf 87' lang='lat' dir='ltr'><strong>defloratione</strong></span> <span class='ocrx_word' id='word_1_109' title='bbox 669 1573 728 1615; x_wconf 91' lang='lat' dir='ltr'><strong>sua</strong></span> <span class='ocrx_word' id='word_1_110' title='bbox 747 1555 784 1616; x_wconf 90' lang='lat' dir='ltr'><strong>ut</strong></span> <span class='ocrx_word' id='word_1_111' title='bbox 806 1552 951 1635; x_wconf 87' lang='lat' dir='ltr'><strong>praedixi</strong></span> <span class='ocrx_word' id='word_1_112' title='bbox 969 1552 1111 1637; x_wconf 87' lang='lat' dir='ltr'><strong>dederat,</strong></span> 
     </span>
     <span class='ocr_line' id='line_1_16' title="bbox 48 1638 1110 1725; baseline 0.005 -24"><span class='ocrx_word' id='word_1_113' title='bbox 48 1652 74 1694; x_wconf 79' lang='lat'><strong>15</strong></span> <span class='ocrx_word' id='word_1_114' title='bbox 89 1660 157 1702; x_wconf 91' lang='lat' dir='ltr'><strong>una</strong></span> <span class='ocrx_word' id='word_1_115' title='bbox 184 1659 258 1702; x_wconf 90' lang='lat' dir='ltr'><strong>cum</strong></span> <span class='ocrx_word' id='word_1_116' title='bbox 285 1638 491 1705; x_wconf 89' lang='lat' dir='ltr'><strong>nobilissimo</strong></span> <span class='ocrx_word' id='word_1_117' title='bbox 519 1639 683 1722; x_wconf 89' lang='lat' dir='ltr'><strong>imperiali</strong></span> <span class='ocrx_word' id='word_1_118' title='bbox 714 1639 876 1705; x_wconf 89' lang='lat' dir='ltr'><strong>humerali</strong></span> <span class='ocrx_word' id='word_1_119' title='bbox 908 1644 1110 1725; x_wconf 90' lang='lat' dir='ltr'><strong>ornamento,</strong></span> 
     </span>
     <span class='ocr_line' id='line_1_17' title="bbox 90 1725 1112 1812; baseline 0.003 -21"><span class='ocrx_word' id='word_1_120' title='bbox 90 1749 172 1812; x_wconf 90' lang='lat' dir='ltr'><strong>quas</strong></span> <span class='ocrx_word' id='word_1_121' title='bbox 198 1748 251 1791; x_wconf 90' lang='lat' dir='ltr'><strong>res</strong></span> <span class='ocrx_word' id='word_1_122' title='bbox 279 1728 446 1811; x_wconf 87' lang='lat' dir='ltr'><strong>praedicta</strong></span> <span class='ocrx_word' id='word_1_123' title='bbox 473 1725 602 1793; x_wconf 90' lang='lat' dir='ltr'><strong>Helena</strong></span> <span class='ocrx_word' id='word_1_124' title='bbox 629 1749 732 1812; x_wconf 89' lang='lat' dir='ltr'><strong>usque</strong></span> <span class='ocrx_word' id='word_1_125' title='bbox 759 1728 795 1791; x_wconf 93' lang='lat' dir='ltr'><strong>in</strong></span> <span class='ocrx_word' id='word_1_126' title='bbox 822 1728 928 1812; x_wconf 89' lang='lat' dir='ltr'><strong>ipsam</strong></span> <span class='ocrx_word' id='word_1_127' title='bbox 953 1729 1039 1794; x_wconf 92' lang='lat' dir='ltr'><strong>diem</strong></span> <span class='ocrx_word' id='word_1_128' title='bbox 1062 1730 1112 1794; x_wconf 87' lang='lat' dir='ltr'><strong>ita</strong></span> 
     </span>
     <span class='ocr_line' id='line_1_18' title="bbox 90 1816 1112 1902; baseline 0 -21"><span class='ocrx_word' id='word_1_129' title='bbox 90 1816 325 1900; x_wconf 80' lang='lat' dir='ltr'><strong>occultaverat,</strong></span> <span class='ocrx_word' id='word_1_130' title='bbox 350 1817 434 1900; x_wconf 89' lang='lat' dir='ltr'><strong>quod</strong></span> <span class='ocrx_word' id='word_1_131' title='bbox 454 1817 537 1880; x_wconf 89' lang='lat' dir='ltr'><strong>nulli</strong></span> <span class='ocrx_word' id='word_1_132' title='bbox 556 1817 679 1881; x_wconf 81' lang='lat' dir='ltr'><strong>viventi</strong></span> <span class='ocrx_word' id='word_1_133' title='bbox 704 1816 743 1880; x_wconf 89' lang='lat' dir='ltr'><strong>de</strong></span> <span class='ocrx_word' id='word_1_134' title='bbox 761 1816 824 1882; x_wconf 90' lang='lat' dir='ltr'><strong>hoc</strong></span> <span class='ocrx_word' id='word_1_135' title='bbox 844 1817 1021 1902; x_wconf 88' lang='lat' dir='ltr'><strong>quidquam</strong></span> <span class='ocrx_word' id='word_1_136' title='bbox 1039 1839 1112 1883; x_wconf 91' lang='lat' dir='ltr'><strong>con-</strong></span> 
     </span>
     <span class='ocr_line' id='line_1_19' title="bbox 90 1905 1112 1990; baseline 0.001 -21"><span class='ocrx_word' id='word_1_137' title='bbox 90 1905 179 1969; x_wconf 90' lang='lat' dir='ltr'><strong>stitit</strong></span> <span class='ocrx_word' id='word_1_138' title='bbox 201 1925 261 1969; x_wconf 91' lang='lat' dir='ltr'><strong>nec</strong></span> <span class='ocrx_word' id='word_1_139' title='bbox 284 1906 471 1990; x_wconf 75' lang='lat' dir='ltr'><strong>constabat,</strong></span> <span class='ocrx_word' id='word_1_140' title='bbox 494 1905 580 1988; x_wconf 88' lang='lat' dir='ltr'><strong>apud</strong></span> <span class='ocrx_word' id='word_1_141' title='bbox 603 1927 638 1971; x_wconf 92' lang='lat' dir='ltr'><strong>se</strong></span> <span class='ocrx_word' id='word_1_142' title='bbox 662 1907 784 1970; x_wconf 88' lang='lat' dir='ltr'><strong>secrete</strong></span> <span class='ocrx_word' id='word_1_143' title='bbox 806 1906 966 1989; x_wconf 88' lang='lat' dir='ltr'><strong>recipiens</strong></span> <span class='ocrx_word' id='word_1_144' title='bbox 990 1906 1031 1971; x_wconf 90' lang='lat' dir='ltr'><strong>ad</strong></span> <span class='ocrx_word' id='word_1_145' title='bbox 1054 1906 1112 1970; x_wconf 92' lang='lat' dir='ltr'><strong>im·</strong></span> 
     </span>
     <span class='ocr_line' id='line_1_20' title="bbox 89 1993 1112 2077; baseline 0.001 -20"><span class='ocrx_word' id='word_1_146' title='bbox 89 1997 277 2077; x_wconf 86' lang='lat' dir='ltr'><strong>peratorem</strong></span> <span class='ocrx_word' id='word_1_147' title='bbox 305 2015 370 2059; x_wconf 86' lang='lat' dir='ltr'><strong>una</strong></span> <span class='ocrx_word' id='word_1_148' title='bbox 397 2017 472 2060; x_wconf 90' lang='lat' dir='ltr'><strong>cum</strong></span> <span class='ocrx_word' id='word_1_149' title='bbox 500 1993 569 2059; x_wconf 90' lang='lat' dir='ltr'><strong>filio</strong></span> <span class='ocrx_word' id='word_1_150' title='bbox 598 2016 656 2059; x_wconf 87' lang='lat' dir='ltr'><strong>suo</strong></span> <span class='ocrx_word' id='word_1_151' title='bbox 685 1996 717 2058; x_wconf 89' lang='lat' dir='ltr'><strong>et</strong></span> <span class='ocrx_word' id='word_1_152' title='bbox 743 1994 814 2059; x_wconf 89' lang='lat' dir='ltr'><strong>filia</strong></span> <span class='ocrx_word' id='word_1_153' title='bbox 836 2015 967 2059; x_wconf 88' lang='lat' dir='ltr'><strong>reversa</strong></span> <span class='ocrx_word' id='word_1_154' title='bbox 991 1994 1056 2060; x_wconf 87' lang='lat' dir='ltr'><strong>fuit</strong></span> <span class='ocrx_word' id='word_1_155' title='bbox 1078 1996 1112 2059; x_wconf 89' lang='lat' dir='ltr'><strong>et</strong></span> 
     </span>
     <span class='ocr_line' id='line_1_21' title="bbox 46 2082 1112 2166; baseline 0.001 -19"><span class='ocrx_word' id='word_1_156' title='bbox 46 2098 76 2139; x_wconf 77' lang='lat'><strong>20</strong></span> <span class='ocrx_word' id='word_1_157' title='bbox 91 2086 184 2148; x_wconf 89' lang='lat' dir='ltr'><strong>stans</strong></span> <span class='ocrx_word' id='word_1_158' title='bbox 207 2083 243 2146; x_wconf 90' lang='lat' dir='ltr'><strong>in</strong></span> <span class='ocrx_word' id='word_1_159' title='bbox 265 2082 370 2165; x_wconf 87' lang='lat' dir='ltr'><strong>ipsius</strong></span> <span class='ocrx_word' id='word_1_160' title='bbox 392 2083 579 2166; x_wconf 87' lang='lat' dir='ltr'><strong>praesentia</strong></span> <span class='ocrx_word' id='word_1_161' title='bbox 599 2082 681 2146; x_wconf 84' lang='lat' dir='ltr'><strong>dixit</strong></span> <span class='ocrx_word' id='word_1_162' title='bbox 700 2082 763 2147; x_wconf 93' lang='lat' dir='ltr'><strong>sibi</strong></span> <span class='ocrx_word' id='word_1_163' title='bbox 782 2083 1010 2166; x_wconf 90' lang='lat' dir='ltr'><strong>supplicando:</strong></span> <span class='ocrx_word' id='word_1_164' title='bbox 1034 2082 1112 2148; x_wconf 71' lang='lat' dir='ltr'><strong>‘Do-</strong></span> 
     </span>
     <span class='ocr_line' id='line_1_22' title="bbox 91 2171 1111 2256; baseline 0.002 -21"><span class='ocrx_word' id='word_1_165' title='bbox 91 2172 180 2236; x_wconf 91' lang='lat' dir='ltr'><strong>mine</strong></span> <span class='ocrx_word' id='word_1_166' title='bbox 199 2171 393 2255; x_wconf 90' lang='lat' dir='ltr'><strong>imperator,</strong></span> <span class='ocrx_word' id='word_1_167' title='bbox 411 2192 506 2256; x_wconf 79' lang='lat' dir='ltr'><strong>rogo,</strong></span> <span class='ocrx_word' id='word_1_168' title='bbox 525 2176 563 2237; x_wconf 88' lang='lat' dir='ltr'><strong>ut</strong></span> <span class='ocrx_word' id='word_1_169' title='bbox 582 2193 692 2236; x_wconf 87' lang='lat' dir='ltr'><strong>amore</strong></span> <span class='ocrx_word' id='word_1_170' title='bbox 711 2172 763 2236; x_wconf 93' lang='lat' dir='ltr'><strong>dei</strong></span> <span class='ocrx_word' id='word_1_171' title='bbox 782 2172 817 2235; x_wconf 91' lang='lat' dir='ltr'><strong>in</strong></span> <span class='ocrx_word' id='word_1_172' title='bbox 833 2171 896 2255; x_wconf 90' lang='lat' dir='ltr'><strong>his,</strong></span> <span class='ocrx_word' id='word_1_173' title='bbox 916 2194 999 2256; x_wconf 90' lang='lat' dir='ltr'><strong>quae</strong></span> <span class='ocrx_word' id='word_1_174' title='bbox 1018 2172 1111 2237; x_wconf 87' lang='lat' dir='ltr'><strong>vobis</strong></span> 
     </span>
     <span class='ocr_line' id='line_1_23' title="bbox 92 2260 1113 2343; baseline 0.001 -20"><span class='ocrx_word' id='word_1_175' title='bbox 92 2260 174 2343; x_wconf 89' lang='lat' dir='ltr'><strong>dixi,</strong></span> <span class='ocrx_word' id='word_1_176' title='bbox 207 2260 354 2324; x_wconf 83' lang='lat' dir='ltr'><strong>contenti</strong></span> <span class='ocrx_word' id='word_1_177' title='bbox 382 2260 455 2324; x_wconf 87' lang='lat' dir='ltr'><strong>sitis</strong></span> <span class='ocrx_word' id='word_1_178' title='bbox 483 2266 516 2324; x_wconf 85' lang='lat' dir='ltr'><strong>et</strong></span> <span class='ocrx_word' id='word_1_179' title='bbox 543 2282 596 2324; x_wconf 90' lang='lat' dir='ltr'><strong>me</strong></span> <span class='ocrx_word' id='word_1_180' title='bbox 624 2260 665 2325; x_wconf 91' lang='lat' dir='ltr'><strong>ad</strong></span> <span class='ocrx_word' id='word_1_181' title='bbox 692 2260 849 2324; x_wconf 90' lang='lat' dir='ltr'><strong>ulteriora</strong></span> <span class='ocrx_word' id='word_1_182' title='bbox 880 2260 1016 2326; x_wconf 88' lang='lat' dir='ltr'><strong>dicenda</strong></span> <span class='ocrx_word' id='word_1_183' title='bbox 1045 2282 1113 2325; x_wconf 90' lang='lat' dir='ltr'><strong>non</strong></span> 
     </span>
     <span class='ocr_line' id='line_1_24' title="bbox 91 2347 1113 2433; baseline 0 -20"><span class='ocrx_word' id='word_1_184' title='bbox 91 2347 240 2433; x_wconf 84' lang='lat' dir='ltr'><strong>cogatis&#39;.</strong></span> <span class='ocrx_word' id='word_1_185' title='bbox 291 2347 492 2433; x_wconf 88' lang='lat' dir='ltr'><strong>Imperatore</strong></span> <span class='ocrx_word' id='word_1_186' title='bbox 526 2353 637 2413; x_wconf 92' lang='lat' dir='ltr'><strong>autem</strong></span> <span class='ocrx_word' id='word_1_187' title='bbox 668 2348 731 2413; x_wconf 93' lang='lat' dir='ltr'><strong>hoc</strong></span> <span class='ocrx_word' id='word_1_188' title='bbox 763 2349 870 2413; x_wconf 89' lang='lat' dir='ltr'><strong>facere</strong></span> <span class='ocrx_word' id='word_1_189' title='bbox 900 2349 1033 2433; x_wconf 89' lang='lat' dir='ltr'><strong>penitus</strong></span> <span class='ocrx_word' id='word_1_190' title='bbox 1065 2370 1113 2413; x_wconf 89' lang='lat' dir='ltr'><strong>re-</strong></span> 
     </span>
     <span class='ocr_line' id='line_1_25' title="bbox 91 2436 1112 2522; baseline 0 -20"><span class='ocrx_word' id='word_1_191' title='bbox 91 2441 228 2502; x_wconf 89' lang='lat' dir='ltr'><strong>cusante</strong></span> <span class='ocrx_word' id='word_1_192' title='bbox 262 2442 295 2501; x_wconf 88' lang='lat' dir='ltr'><strong>et</strong></span> <span class='ocrx_word' id='word_1_193' title='bbox 327 2438 368 2501; x_wconf 87' lang='lat' dir='ltr'><strong>ad</strong></span> <span class='ocrx_word' id='word_1_194' title='bbox 400 2436 585 2521; x_wconf 90' lang='lat' dir='ltr'><strong>dicendum,</strong></span> <span class='ocrx_word' id='word_1_195' title='bbox 618 2438 760 2522; x_wconf 90' lang='lat' dir='ltr'><strong>qualiter</strong></span> <span class='ocrx_word' id='word_1_196' title='bbox 792 2440 879 2502; x_wconf 91' lang='lat' dir='ltr'><strong>esset</strong></span> <span class='ocrx_word' id='word_1_197' title='bbox 911 2437 950 2501; x_wconf 92' lang='lat' dir='ltr'><strong>de</strong></span> <span class='ocrx_word' id='word_1_198' title='bbox 982 2437 1051 2502; x_wconf 91' lang='lat' dir='ltr'><strong>filio</strong></span> <span class='ocrx_word' id='word_1_199' title='bbox 1079 2441 1112 2502; x_wconf 91' lang='lat' dir='ltr'><strong>et</strong></span> 
     </span>
     <span class='ocr_line' id='line_1_26' title="bbox 43 2525 1112 2608; baseline 0.002 -19"><span class='ocrx_word' id='word_1_200' title='bbox 43 2541 76 2582; x_wconf 72' lang='lat'><strong>2⁵</strong></span> <span class='ocrx_word' id='word_1_201' title='bbox 92 2526 175 2606; x_wconf 88' lang='lat' dir='ltr'><strong>filia,</strong></span> <span class='ocrx_word' id='word_1_202' title='bbox 203 2527 311 2608; x_wconf 91' lang='lat' dir='ltr'><strong>ipsam</strong></span> <span class='ocrx_word' id='word_1_203' title='bbox 339 2526 436 2591; x_wconf 90' lang='lat' dir='ltr'><strong>minis</strong></span> <span class='ocrx_word' id='word_1_204' title='bbox 460 2530 494 2590; x_wconf 88' lang='lat' dir='ltr'><strong>ct</strong></span> <span class='ocrx_word' id='word_1_205' title='bbox 520 2527 699 2591; x_wconf 89' lang='lat' dir='ltr'><strong>terroribus</strong></span> <span class='ocrx_word' id='word_1_206' title='bbox 728 2529 896 2591; x_wconf 78' lang='lat' dir='ltr'><strong>coartante</strong></span> <span class='ocrx_word' id='word_1_207' title='bbox 925 2525 1008 2590; x_wconf 86' lang='lat' dir='ltr'><strong>dixit</strong></span> <span class='ocrx_word' id='word_1_208' title='bbox 1035 2526 1112 2591; x_wconf 93' lang='lat' dir='ltr'><strong>sibi:</strong></span> 
     </span>
     <span class='ocr_line' id='line_1_27' title="bbox 91 2614 1112 2699; baseline -0.001 -20"><span class='ocrx_word' id='word_1_209' title='bbox 91 2615 258 2698; x_wconf 60' lang='lat' dir='ltr'><strong>‘Domina</strong></span> <span class='ocrx_word' id='word_1_210' title='bbox 296 2615 325 2679; x_wconf 92' lang='lat' dir='ltr'><strong>si</strong></span> <span class='ocrx_word' id='word_1_211' title='bbox 361 2615 471 2680; x_wconf 89' lang='lat' dir='ltr'><strong>dixero</strong></span> <span class='ocrx_word' id='word_1_212' title='bbox 507 2615 601 2679; x_wconf 83' lang='lat' dir='ltr'><strong>vobis</strong></span> <span class='ocrx_word' id='word_1_213' title='bbox 632 2615 819 2693; x_wconf 85' lang='lat' dir='ltr'><strong>veritatem,</strong></span> <span class='ocrx_word' id='word_1_214' title='bbox 855 2636 923 2679; x_wconf 90' lang='lat' dir='ltr'><strong>non</strong></span> <span class='ocrx_word' id='word_1_215' title='bbox 960 2614 1112 2699; x_wconf 69' lang='lat' dir='ltr'><strong>credetis,</strong></span> 
     </span>
     <span class='ocr_line' id='line_1_28' title="bbox 90 2702 1113 2788; baseline 0 -21"><span class='ocrx_word' id='word_1_216' title='bbox 90 2726 205 2768; x_wconf 88' lang='lat' dir='ltr'><strong>verum</strong></span> <span class='ocrx_word' id='word_1_217' title='bbox 227 2707 352 2788; x_wconf 89' lang='lat' dir='ltr'><strong>tamen,</strong></span> <span class='ocrx_word' id='word_1_218' title='bbox 376 2726 414 2768; x_wconf 88' lang='lat' dir='ltr'><strong>ex</strong></span> <span class='ocrx_word' id='word_1_219' title='bbox 438 2725 502 2788; x_wconf 93' lang='lat' dir='ltr'><strong>quo</strong></span> <span class='ocrx_word' id='word_1_220' title='bbox 525 2703 647 2769; x_wconf 91' lang='lat' dir='ltr'><strong>habere</strong></span> <span class='ocrx_word' id='word_1_221' title='bbox 669 2725 737 2768; x_wconf 90' lang='lat' dir='ltr'><strong>non</strong></span> <span class='ocrx_word' id='word_1_222' title='bbox 755 2703 854 2768; x_wconf 88' lang='lat' dir='ltr'><strong>voltis</strong></span> <span class='ocrx_word' id='word_1_223' title='bbox 873 2725 925 2767; x_wconf 91' lang='lat' dir='ltr'><strong>me</strong></span> <span class='ocrx_word' id='word_1_224' title='bbox 945 2702 983 2766; x_wconf 93' lang='lat' dir='ltr'><strong>de</strong></span> <span class='ocrx_word' id='word_1_225' title='bbox 1001 2702 1113 2767; x_wconf 89' lang='lat' dir='ltr'><strong>huius·</strong></span> 
     </span>
     <span class='ocr_line' id='line_1_29' title="bbox 92 2792 1112 2877; baseline 0.001 -21"><span class='ocrx_word' id='word_1_226' title='bbox 92 2793 182 2856; x_wconf 90' lang='lat' dir='ltr'><strong>modi</strong></span> <span class='ocrx_word' id='word_1_227' title='bbox 215 2793 457 2877; x_wconf 87' lang='lat' dir='ltr'><strong>subportatam,</strong></span> <span class='ocrx_word' id='word_1_228' title='bbox 488 2795 617 2858; x_wconf 83' lang='lat' dir='ltr'><strong>vestrae</strong></span> <span class='ocrx_word' id='word_1_229' title='bbox 644 2792 778 2857; x_wconf 86' lang='lat' dir='ltr'><strong>notifico</strong></span> <span class='ocrx_word' id='word_1_230' title='bbox 812 2792 992 2875; x_wconf 90' lang='lat' dir='ltr'><strong>maiestati,</strong></span> <span class='ocrx_word' id='word_1_231' title='bbox 1025 2792 1112 2876; x_wconf 90' lang='lat' dir='ltr'><strong>quod</strong></span> 
     </span>
     <span class='ocr_line' id='line_1_30' title="bbox 92 2879 1111 2966; baseline -0.002 -20"><span class='ocrx_word' id='word_1_232' title='bbox 92 2883 155 2946; x_wconf 90' lang='lat' dir='ltr'><strong>iste</strong></span> <span class='ocrx_word' id='word_1_233' title='bbox 178 2879 426 2966; x_wconf 73' lang='lat' dir='ltr'><strong>Constantinus,</strong></span> <span class='ocrx_word' id='word_1_234' title='bbox 456 2881 543 2946; x_wconf 87' lang='lat' dir='ltr'><strong>filius</strong></span> <span class='ocrx_word' id='word_1_235' title='bbox 568 2903 672 2966; x_wconf 88' lang='lat' dir='ltr'><strong>meus,</strong></span> <span class='ocrx_word' id='word_1_236' title='bbox 701 2883 752 2946; x_wconf 87' lang='lat' dir='ltr'><strong>est</strong></span> <span class='ocrx_word' id='word_1_237' title='bbox 774 2880 863 2946; x_wconf 87' lang='lat' dir='ltr'><strong>filius</strong></span> <span class='ocrx_word' id='word_1_238' title='bbox 886 2884 1003 2946; x_wconf 88' lang='lat' dir='ltr'><strong>vester.</strong></span> <span class='ocrx_word' id='word_1_239' title='bbox 1038 2879 1111 2966; x_wconf 79' lang='lat' dir='ltr'><strong>Ego</strong></span> 
     </span>
     <span class='ocr_line' id='line_1_31' title="bbox 47 2970 1113 3055; baseline 0.004 -27"><span class='ocrx_word' id='word_1_240' title='bbox 47 2971 201 3054; x_wconf 79' lang='lat' dir='ltr'><strong>scipsum</strong></span> <span class='ocrx_word' id='word_1_241' title='bbox 233 2970 272 3034; x_wconf 94' lang='lat' dir='ltr'><strong>de</strong></span> <span class='ocrx_word' id='word_1_242' title='bbox 308 2970 579 3055; x_wconf 53' lang='lat' dir='ltr'><strong>vobis‘suscepi,</strong></span> <span class='ocrx_word' id='word_1_243' title='bbox 616 2971 673 3054; x_wconf 90' lang='lat' dir='ltr'><strong>qui</strong></span> <span class='ocrx_word' id='word_1_244' title='bbox 704 2991 757 3034; x_wconf 90' lang='lat' dir='ltr'><strong>me</strong></span> <span class='ocrx_word' id='word_1_245' title='bbox 793 2970 1025 3055; x_wconf 86' lang='lat' dir='ltr'><strong>pauperculam</strong></span> <span class='ocrx_word' id='word_1_246' title='bbox 1057 2989 1113 3052; x_wconf 91' lang='lat' dir='ltr'><strong>op·</strong></span> 
     </span>
     <span class='ocr_line' id='line_1_32' title="bbox 91 3058 279 3143; baseline 0.005 -20"><span class='ocrx_word' id='word_1_247' title='bbox 91 3058 279 3143; x_wconf 87' lang='lat' dir='ltr'><strong>pressistis&#39;.</strong></span> 
     </span>
     <span class='ocr_line' id='line_1_33' title="bbox 180 3141 1154 3233; baseline -0.006 -21"><span class='ocrx_word' id='word_1_248' title='bbox 180 3147 226 3212; x_wconf 84' lang='lat' dir='ltr'><strong>Et</strong></span> <span class='ocrx_word' id='word_1_249' title='bbox 248 3148 408 3233; x_wconf 91' lang='lat' dir='ltr'><strong>incipiens</strong></span> <span class='ocrx_word' id='word_1_250' title='bbox 428 3147 536 3232; x_wconf 89' lang='lat' dir='ltr'><strong>coepit</strong></span> <span class='ocrx_word' id='word_1_251' title='bbox 558 3147 623 3212; x_wconf 90' lang='lat' dir='ltr'><strong>sibi</strong></span> <span class='ocrx_word' id='word_1_252' title='bbox 645 3170 778 3213; x_wconf 90' lang='lat' dir='ltr'><strong>narrare</strong></span> <span class='ocrx_word' id='word_1_253' title='bbox 801 3149 906 3213; x_wconf 88' lang='lat' dir='ltr'><strong>totam</strong></span> <span class='ocrx_word' id='word_1_254' title='bbox 927 3146 1044 3212; x_wconf 90' lang='lat' dir='ltr'><strong>seriem</strong></span> <span class='ocrx_word' id='word_1_255' title='bbox 1062 3141 1154 3210; x_wconf 73' lang='lat' dir='ltr'><strong>reibl</strong></span> 
     </span>
     <span class='ocr_line' id='line_1_34' title="bbox 91 3236 1113 3322; baseline 0 -22"><span class='ocrx_word' id='word_1_256' title='bbox 91 3239 219 3322; x_wconf 84' lang='lat' dir='ltr'><strong>gestae,</strong></span> <span class='ocrx_word' id='word_1_257' title='bbox 244 3238 329 3302; x_wconf 87' lang='lat' dir='ltr'><strong>sicut</strong></span> <span class='ocrx_word' id='word_1_258' title='bbox 351 3237 387 3301; x_wconf 91' lang='lat' dir='ltr'><strong>in</strong></span> <span class='ocrx_word' id='word_1_259' title='bbox 408 3237 568 3320; x_wconf 89' lang='lat' dir='ltr'><strong>principio</strong></span> <span class='ocrx_word' id='word_1_260' title='bbox 592 3238 773 3320; x_wconf 90' lang='lat' dir='ltr'><strong>praesentis</strong></span> <span class='ocrx_word' id='word_1_261' title='bbox 798 3237 946 3320; x_wconf 87' lang='lat' dir='ltr'><strong>opusculi</strong></span> <span class='ocrx_word' id='word_1_262' title='bbox 970 3236 1113 3301; x_wconf 88' lang='lat' dir='ltr'><strong>contine·</strong></span> 
     </span>
    </p>
   </div>
   <div class='ocr_carea' id='block_1_3' title="bbox 91 3373 1115 3588">
    <p class='ocr_par' dir='ltr' id='par_1_3' title="bbox 91 3373 1115 3588">
     <span class='ocr_line' id='line_1_35' title="bbox 166 3373 1113 3445; baseline -0.001 -15"><span class='ocrx_word' id='word_1_263' title='bbox 166 3383 181 3430; x_wconf 76' lang='lat'><strong>7</strong></span> <span class='ocrx_word' id='word_1_264' title='bbox 201 3375 320 3433; x_wconf 88' lang='lat' dir='ltr'><strong>Domine</strong></span> <span class='ocrx_word' id='word_1_265' title='bbox 339 3393 389 3433; x_wconf 84' lang='lat' dir='ltr'><strong>om.</strong></span> <span class='ocrx_word' id='word_1_266' title='bbox 405 3375 442 3431; x_wconf 69' lang='lat'><strong>1⁴1</strong></span> <span class='ocrx_word' id='word_1_267' title='bbox 515 3374 634 3431; x_wconf 84' lang='lat' dir='ltr'><strong>8voltis</strong></span> <span class='ocrx_word' id='word_1_268' title='bbox 648 3376 691 3445; x_wconf 88' lang='lat' dir='ltr'><strong>D,</strong></span> <span class='ocrx_word' id='word_1_269' title='bbox 711 3375 788 3429; x_wconf 70' lang='lat' dir='ltr'><strong>wttn</strong></span> <span class='ocrx_word' id='word_1_270' title='bbox 807 3374 844 3429; x_wconf 78' lang='lat' dir='ltr'><strong>F.</strong></span> <span class='ocrx_word' id='word_1_271' title='bbox 918 3373 1021 3429; x_wconf 75' lang='lat' dir='ltr'><strong>albite</strong></span> <span class='ocrx_word' id='word_1_272' title='bbox 1037 3374 1113 3429; x_wconf 82' lang='lat' dir='ltr'><strong>codd.</strong></span> 
     </span>
     <span class='ocr_line' id='line_1_36' title="bbox 91 3444 1115 3588; baseline -0.001 -88"><span class='ocrx_word' id='word_1_273' title='bbox 91 3454 139 3588; x_wconf 52' lang='grc'><strong>1238</strong></span> <span class='ocrx_word' id='word_1_274' title='bbox 141 3445 227 3572; x_wconf 42' lang='grc' dir='ltr'><strong>ἓοιῇὺῖιε</strong></span> <span class='ocrx_word' id='word_1_275' title='bbox 246 3450 322 3504; x_wconf 79' lang='lat' dir='ltr'><strong>codd.</strong></span> <span class='ocrx_word' id='word_1_276' title='bbox 328 3490 337 3516; x_wconf 90' lang='lat'><strong>,</strong></span> <span class='ocrx_word' id='word_1_277' title='bbox 355 3445 418 3502; x_wconf 88' lang='lat' dir='ltr'><strong>sitis</strong></span> <span class='ocrx_word' id='word_1_278' title='bbox 438 3448 552 3503; x_wconf 72' lang='lat' dir='ltr'><strong>correct</strong></span> <span class='ocrx_word' id='word_1_279' title='bbox 626 3453 660 3502; x_wconf 76' lang='lat'><strong>27</strong></span> <span class='ocrx_word' id='word_1_280' title='bbox 684 3446 771 3501; x_wconf 84' lang='lat' dir='ltr'><strong>voltis</strong></span> <span class='ocrx_word' id='word_1_281' title='bbox 790 3448 867 3504; x_wconf 83' lang='lat' dir='ltr'><strong>codd.</strong></span> <span class='ocrx_word' id='word_1_282' title='bbox 949 3452 984 3501; x_wconf 77' lang='lat'><strong>29</strong></span> <span class='ocrx_word' id='word_1_283' title='bbox 1001 3444 1057 3501; x_wconf 85' lang='lat' dir='ltr'><strong>istc</strong></span> <span class='ocrx_word' id='word_1_284' title='bbox 1075 3445 1115 3513; x_wconf 90' lang='lat' dir='ltr'><strong>D,</strong></span> 
     </span>
    </p>
   </div>
   <div class='ocr_carea' id='block_1_4' title="bbox 0 0 1193 3834">
    <p class='ocr_par' dir='ltr' id='par_1_4' title="bbox 0 0 1193 3834">
     <span class='ocr_line' id='line_1_37' title="bbox 0 0 1193 3834; baseline 0 0"><span class='ocrx_word' id='word_1_285' title='bbox 0 0 1193 3834; x_wconf 95' lang='lat' dir='ltr'><strong> </strong></span> 
     </span>
    </p>
   </div>
  </div>
 </body>
</html>
