2356 3846
121 155 164 220 84
493 154 525 220 Q.
545 153 656 210 cunm
673 153 760 209 RUFI
814 151 819 164 '

67 323 105 374 ss
123 301 168 367 ut
198 323 272 366 cum
298 302 443 366 vetustas
469 320 537 364 non
564 320 664 381 opera
690 299 796 363 solum
821 299 1045 386 manufacta,
1076 302 1134 368 sed

11 463 14 474 .
121 389 220 454 etiam
237 389 342 473 ipsam
359 391 509 452 naturam
526 388 683 470 paulatim
702 387 864 453 exedendo
881 389 1031 473 perimat,
1052 388 1133 456 haec

121 477 238 560 moles,
265 498 346 562 quae
373 479 425 541 tot
447 475 600 540 arborum
621 474 782 540 radicibus
805 476 965 558 premitur
985 477 1133 561 tantique

120 565 263 631 nemoris
285 565 426 649 pondere
449 567 583 629 onerata
605 566 668 646 est,
697 562 855 628 inviolata
877 564 986 647 durat,
1014 565 1133 649 quippe

120 671 169 719 xx
189 655 282 735 pedes
308 653 368 717 lati
390 652 531 736 parietes
555 651 732 734 sustinent,
761 668 798 715 11
819 651 937 734 pedum
960 651 1133 720 intervallo

121 742 296 826 distantes,
327 744 365 805 ut
395 739 509 824 procul
535 739 714 805 visentibus
743 738 844 804 silvae
870 739 1038 805 montibus
1065 743 1133 806 suis

69 850 104 900 aa
121 830 278 894 inminere
297 828 476 893 videantur.
507 825 622 910 Syriae
637 848 747 912 regem
761 825 929 910 Babylone
942 833 1135 912 regnantem

121 917 184 983 boc
207 939 289 1001 opus
311 939 382 982 esse
405 915 555 983 molitum
573 915 746 980 memoriae
764 916 930 998 proditum
943 920 1002 999 est,
1025 937 1135 982 amore

122 1006 270 1090 coniugis
292 1006 422 1089 victum,
445 1025 526 1088 quae
550 1003 708 1068 desiderio
726 1024 895 1068 nemorum
915 1003 1134 1088 silvarumque

121 1095 156 1159 in
164 1093 442 1246 tucampestribusll
462 1091 543 1192 locis
580 1091 685 1193 virum
716 1091 867 1243 {mlum
902 1093 1136 1158 amoenitatem

121 1204 164 1247 na
202 1203 257 1246 rae
303 1202 396 1246 enere
442 1201 514 1244 urus
537 1200 644 1262 opens
667 1201 725 1243 1m1
742 1201 799 1242 ar1.

69 1291 103 1340 aa
209 1202 341 1334 Diutius
368 1269 403 1333 in
429 1268 490 1332 hac
516 1267 596 1330 urbe
619 1288 716 1351 quarn
738 1289 875 1351 usquam
897 1267 1047 1333 constitit
1069 1268 1170 1353 rex,6

121 1379 181 1422 nee
210 1358 274 1422 alio
301 1358 373 1421 loco
397 1355 585 1438 disciplinae
607 1355 741 1419 militari
764 1356 870 1440 magis
891 1355 1019 1421 nocuit:
1050 1357 1136 1422 nihil

121 1446 212 1510 urbis
235 1445 304 1508 eius
328 1445 511 1526 corruptius
533 1442 690 1526 moribus,
712 1442 795 1506 nihil
818 1443 859 1507 ad
880 1443 1063 1509 inritandas
1086 1447 1135 1510 in-

70 1555 102 1603 av
122 1533 340 1616 liciendaaque
361 1531 539 1598 inmodicas
558 1530 751 1614 cupiditates
769 1531 967 1596 instructius.
998 1531 1136 1600 Liberos

121 1622 342 1794 sarusar
360 1641 453 1773 tt
465 1619 831 1791 titillabat?
833 1619 1018 1789 {tiranii}
1020 1643 1039 1686 ⁰
1050 1643 1137 1775 553:

121 1799 242 1863 vivales
270 1797 338 1862 ludi
363 1800 436 1861 tota
453 1759 589 1860 ²Perside
615 1795 746 1879 regibus
772 1796 1021 1882 purpuratisque
1043 1797 1137 1863 cordi

122 1890 206 1969 sunt,
228 1884 402 1969 Babylonii
425 1884 564 1947 maxime
585 1883 622 1946 in
643 1883 753 1946 vinum
777 1887 817 1965 et,
841 1905 923 1965 quae
943 1884 1136 1949 ebrietatem

70 1977 309 2059 assequuntur,
332 1972 425 2037 effusi
448 1975 533 2036 sunt.
566 1969 771 2034 Feminarum
789 1971 937 2035 convivia
953 1972 1137 2038 ineuntium

121 2060 156 2125 in
177 2061 336 2144 principio
358 2060 522 2125 modestus
545 2061 595 2122 est
616 2058 761 2141 habitus,
791 2058 866 2122 dein
888 2080 1015 2123 summa
1037 2082 1135 2145 quae·

122 2170 183 2232 que
211 2148 350 2212 amicula
376 2150 497 2211 exuunt
522 2146 743 2230 paulatimque
770 2146 926 2227 pudorem
947 2147 1135 2230 profanant,

122 2237 163 2300 ad
195 2236 346 2299 ultimum
379 2271 418 2282 —
451 2235 557 2300 honos
587 2234 718 2298 auribus
749 2233 881 2298 habitus
914 2235 957 2298 sit
993 2270 1036 2282 -
1068 2238 1135 2302 ima

122 2345 294 2407 corporum
320 2324 503 2388 velamenta
529 2321 697 2405 proiciunt.
746 2319 816 2386 Nee
842 2323 1047 2388 meretricum
1072 2325 1135 2390 hoc

122 2412 258 2476 dedecus
281 2415 340 2494 est,
363 2410 419 2476 sed
440 2413 662 2475 matronarum
684 2409 923 2495 virginumque,
945 2412 1031 2494 apud
1052 2435 1135 2497 quas

69 2501 258 2570 aeremitae
289 2498 428 2563 habetur
458 2498 583 2583 vulgati
615 2499 757 2581 corporis
785 2497 903 2563 vilitas.
938 2498 1028 2564 Inter
1054 2501 1136 2566 haee

121 2588 246 2673 flagitia
273 2589 431 2652 exereitus
457 2585 513 2650 ille
540 2585 681 2651 domitor
707 2585 807 2650 Asiae
833 2607 891 2669 per
917 2605 1040 2653 xmur
1066 2588 1134 2654 dies

30 2729 32 2733 .
123 2677 291 2760 saginatus
318 2675 359 2740 ad
387 2696 438 2758 ea,
468 2696 550 2758 quae
576 2676 805 2759 sequebantur,
836 2675 1020 2740 discrimina
1046 2675 1136 2741 haud

123 2764 218 2828 dubie
241 2763 378 2849 debilior
399 2763 528 2828 futurus
550 2763 625 2845 fuit,
648 2764 676 2828 si
698 2763 826 2827 hostem
848 2762 1025 2828 habuisset.

212 2850 361 2915 Ceterum
388 2850 581 2935 quominus
605 2850 758 2915 damnum
781 2851 929 2932 sentiret,
958 2851 1135 2917 identidem

69 2958 104 3008 4ο
123 2938 320 3003 incremento
356 2938 583 3003 renovabatur.
636 2935 782 3020 Namque
812 2937 972 3022 Amyntas
1005 2939 1135 3006 Andro·

122 3025 209 3088 meni
237 3026 277 3090 ab
300 3026 479 3108 Antipatro
501 3023 713 3089 Macedonum
739 3024 884 3108 peditum
906 3045 944 3092 v1
963 3028 1053 3093 milia
1080 3029 1135 3094 ad·

69 3134 102 3182 41
123 3113 227 3195 duxit,
259 3131 284 3176 1>
310 3118 478 3196 praeterea
499 3112 642 3177 eiusdem
668 3113 795 3196 generis
817 3115 953 3198 equites,
986 3116 1134 3183 cumbis

122 3218 169 3265 Dc
187 3200 331 3265 Thracas
355 3201 513 3266 adiunctis
535 3198 699 3284 peditibus
722 3222 799 3266 suae
821 3203 928 3286 gentis
950 3222 989 3268 111
1002 3204 1134 3270 milibus

122 3306 147 3353 u
168 3291 202 3352 et
224 3309 263 3352 er
285 3288 507 3372 Peloponneso
530 3287 769 3355 marcennarius
792 3290 886 3353 miles
910 3291 951 3354 ad
973 3310 1025 3357 mr
1042 3293 1135 3358 milia

70 3398 105 3446 42
125 3375 298 3442 advenerat
329 3398 401 3441 cum
430 3377 604 3462 nongentis
630 3376 797 3460 octoginta
824 3378 995 3461 equitibus.
1043 3379 1135 3446 Idem

113 3466 286 3546 Amyntas
317 3464 496 3530 adduxerat
525 3481 547 3530 u
573 3463 755 3550 principum
781 3463 988 3532 Macedoniae
1013 3468 1135 3534 liberos

94 3549 238 3616 adultos
258 3553 307 3619 ad
328 3552 518 3621 custodiam
541 3551 705 3642 corporisr
727 3551 847 3638 quippe
865 3553 951 3618 iuter
969 3557 1083 3636 epulas
1099 3557 1136 3622 hi
