2356 3846
115 157 160 221 42
489 156 521 222 Q.
541 155 651 212 CURTI
668 156 755 211 RUFI

116 305 149 366 et
172 301 306 366 classem
330 304 362 364 et
384 300 550 366 machinas
572 301 694 384 pariter
716 300 900 383 admovere,
926 303 963 365 ut
985 299 1127 384 undique

114 390 235 454 territis
267 390 416 471 instaret,
448 389 517 472 ipse
548 388 584 452 in
617 389 806 453 altissimam
833 393 955 452 turrem
983 389 1128 454 ascendit

62 501 94 548 11
115 478 241 563 ingenti
268 477 390 561 animo,
421 478 563 561 periculo
586 477 720 542 maiore:
753 477 869 560 quippe
892 476 984 562 regio
1006 477 1129 562 insigni

115 570 149 631 et
178 566 274 629 armis
304 565 503 650 fulgentibus
531 565 723 648 conspicuus
751 586 833 629 unus
860 565 1033 648 praecipue
1056 566 1128 631 telis

114 655 291 737 petebatur.
325 653 369 718 llt
355 653 490 737 tdigna
511 675 643 738 prorsus
666 653 848 736 spectaculo
872 652 986 717 edidit·
957 656 985 717 t.
1008 652 1129 720 multoe

115 763 133 806 e
156 743 257 806 muris
280 747 523 826 propugnantes
546 741 641 806 hasta
660 741 832 825 transfixit,
853 742 1011 827 quosdam
1032 742 1129 807 etiam

115 830 293 895 comminus
339 829 447 915 gladio
493 830 658 914 clipeoque
702 830 848 912 inpulsos
893 829 1128 914 praecipitavit,

115 919 233 1002 quippe
256 919 363 1000 turris,
386 940 425 982 ex
448 940 512 1001 qua
530 919 712 1000 dimicabat,
733 919 834 983 muris
852 917 995 982 hostium
1012 939 1128 1001 props-

57 1029 96 1079 11
115 1007 246 1071 modum
269 1006 470 1071 cohaerebat
501 1005 634 1090 Iamque
656 1006 775 1070 crebris
797 1006 951 1071 arietibus
975 1027 1129 1071 saxorum

115 1115 260 1178 conpage
283 1095 392 1158 laxata
414 1095 615 1159 munimenta
638 1094 821 1163 defecerant
844 1099 877 1158 et
896 1095 1009 1158 classis
1028 1095 1129 1159 intra·

114 1186 206 1247 verat
227 1185 356 1266 portum
379 1187 413 1246 et
435 1183 566 1265 quidam
578 1181 792 1246 Macedonum
809 1182 845 1245 in
862 1186 966 1246 turres
984 1181 1129 1248 hostium

116 1270 258 1334 desertas
285 1274 467 1335 evaserant:
500 1293 572 1335 cum
594 1269 695 1354 Tyrii,
726 1273 778 1334 tot
804 1270 899 1334 simul
921 1271 1015 1334 malis
1043 1271 1131 1354 victi,

116 1359 170 1422 alii
194 1361 352 1442 supplices
374 1359 409 1423 in
426 1359 547 1441 templa
566 1358 766 1443 confugiunt,
789 1358 843 1422 alii
861 1358 986 1423 foribus
1000 1358 1130 1423 aedium

120 1447 278 1511 obseratis
302 1451 460 1530 occupant
482 1447 619 1511 liberum
641 1447 754 1511 mortis
778 1446 955 1529 arbitrium,
977 1446 1130 1511 nonnulli

114 1539 214 1601 ruunt
243 1536 278 1599 111
306 1535 433 1599 hostem
459 1535 546 1598 haud
572 1534 668 1598 inulti
695 1538 803 1599 tamen
829 1534 977 1618 perituri,
1007 1555 1130 1620 magna

115 1645 190 1707 pars
223 1645 348 1687 summa
378 1627 536 1688 tectorum
568 1623 750 1704 obtinebat,
787 1644 864 1686 saxa
896 1626 941 1706 et,
976 1623 1131 1705 quidquid

60 1711 181 1784 131011
204 1712 239 1775 in
261 1733 376 1775 manus
399 1711 539 1794 dederat,
561 1711 745 1794 ingerentes
769 1710 990 1774 subeuntibus.
1032 1708 1130 1774 Alex-

115 1800 215 1864 ander
250 1799 403 1883 exceptis,
439 1799 495 1883 qui
530 1799 566 1862 in
596 1799 718 1880 templa
755 1798 981 1882 confugerant,
1018 1819 1130 1864 omnes

60 1911 97 1959 14
115 1888 253 1951 interfici
280 1888 451 1972 ignemque
483 1887 577 1951 tectis
609 1887 684 1950 inici
715 1886 814 1951 iubet.
862 1885 924 1950 His
952 1907 1011 1968 per
1038 1908 1131 1970 prae-

115 1996 211 2040 cones
238 1974 456 2059 pronuntiatis
482 1995 577 2038 nemo
605 1977 716 2038 tamen
743 1977 886 2038 armatus
913 1995 1008 2057 opem
1037 1995 1057 2037 a
1082 1974 1131 2039 dis

114 2067 223 2147 petere
242 2063 407 2127 sustinuit:
429 2063 522 2145 pueri
535 2062 739 2146 virginesque
753 2062 875 2145 templa
889 2062 1131 2147 conpleverant,

115 2151 177 2214 viri
199 2151 234 2214 111
256 2151 414 2214 vestibulo
439 2172 569 2214 suarum
592 2150 727 2234 quisque
751 2150 877 2214 aedium
900 2149 1045 2233 stabant,
1074 2173 1130 2234 pa·

62 2261 96 2310 15
115 2242 187 2302 rata
219 2238 435 2303 saevientibus
466 2238 571 2302 turba.
624 2237 736 2302 Multis
768 2241 878 2302 tamen
910 2238 1007 2302 saluti
1038 2236 1131 2303 fuere

116 2324 253 2410 Sidonii,
289 2327 344 2410 qui
375 2327 462 2390 intra
492 2325 707 2390 Macedonum
738 2325 898 2408 praesidia
930 2328 1032 2389 erant
1086 2325 1131 2391 Hi

115 2414 227 2479 urbem
255 2415 383 2497 quidem
410 2415 495 2478 inter
522 2414 659 2478 victores
687 2414 901 2496 intraverant,
930 2412 986 2477 sed
1010 2434 1130 2500 cogna-

114 2502 214 2567 tionis
237 2524 310 2567 cum
328 2502 434 2584 Tyriis
452 2522 610 2566 memores
628 2537 671 2548 —
691 2502 808 2586 quippe
826 2503 996 2585 utramque
1015 2501 1131 2567 urbem

114 2592 299 2675 Agenorem
326 2589 506 2655 condidisse
533 2589 707 2655 credebant
734 2626 776 2636 —
803 2590 924 2654 multos
946 2588 1131 2673 Tyriorum,
1172 2617 1174 2623 ¹

114 2681 197 2744 clam
224 2682 443 2763 protegentes,
476 2677 517 2742 ad
545 2699 602 2742 sua
629 2678 804 2760 perduxere
834 2677 979 2762 navigia,
1011 2678 1130 2760 quibus

115 2768 268 2832 occultati
287 2765 409 2832 Sidona
430 2766 555 2831 devecti
577 2770 662 2831 sunt.
697 2784 743 2830 xv
759 2766 849 2830 milia
868 2764 929 2830 hoc
947 2765 1034 2830 furto
1055 2767 1129 2831 sub-

62 2879 95 2927 16
115 2855 211 2919 ducta
242 2855 395 2919 saevitiae
427 2858 512 2918 sunt.
562 2852 787 2937 Quantumque
819 2853 986 2938 sanguinis
1018 2853 1131 2919 fusum

115 2943 166 3026 sit,
189 2944 239 3006 vel
262 2964 301 3006 ex
322 2941 385 3006 hoc
404 2942 567 3006 aestimari
584 2945 701 3024 potest,
723 2941 809 3025 quod
825 2942 912 3005 intra
925 2941 1130 3007 munimenta

58 3053 94 3102 17
114 3031 204 3096 urbis
222 3048 258 3094 V1
272 3030 361 3094 milia
379 3033 576 3095 armatorum
594 3029 753 3094 trucidata
770 3033 855 3094 sunt.
886 3028 993 3094 Triste
1012 3030 1129 3095 deinde

114 3119 333 3203 spectaculum
355 3118 530 3182 victoribus
552 3118 602 3181 ira
623 3118 771 3200 praebuit
793 3119 887 3202 regis.
923 3136 949 3182 11
970 3117 1073 3201 milia,
1094 3119 1130 3183 in

115 3207 231 3290 quibus
255 3206 437 3272 occidendis
461 3206 621 3270 defecerat
642 3206 757 3289 rabies,
780 3207 927 3270 crucibus
950 3205 1049 3270 adfixi
1071 3227 1131 3291 pcr

59 3316 95 3366 18
113 3295 228 3380 ingens
250 3294 355 3359 litoris
384 3295 523 3377 spatium
545 3294 776 3378 pependerunt.
808 3292 1131 3379 Carthaginiensium

113 3384 228 3467 legatis
251 3382 395 3467 pepercit
417 3382 526 3447 addita
549 3383 793 3447 denuntiatione
818 3383 903 3466 belli,
926 3381 1013 3465 quod
1035 3404 1130 3466 prae·

104 3472 250 3533 sentium
272 3493 382 3536 rerum
405 3471 580 3535 necessitas
602 3475 790 3535 moraretur.

24 3565 66 3610 19
182 3555 290 3635 Tyros
323 3560 469 3644 septimo
505 3581 634 3646 mense,
672 3581 771 3644 quam
802 3557 986 3640 oppugnari
1014 3554 1174 3641 coeptadll
