2356 3846
347 711 396 812 Q.
424 710 616 798 OURTI
642 711 793 798 RUFI

437 865 691 923 Hrsronmaun

132 1007 669 1110 ALEXANDRI
712 1015 1002 1116 MAGNI

398 1180 725 1249 nrcnoonrs

479 1355 589 1412 LIBER
605 1357 646 1413 IV
647 1400 653 1413 .

426 1471 429 1476 ’
500 1496 579 1565 One.
600 1472 628 1566 1ss

22 1679 41 1746 l
101 1756 105 1766 ,
147 1691 280 1776 Dareus,
301 1693 386 1758 tanti
403 1693 499 1759 modo
513 1695 670 1759 exercitus
683 1715 748 1779 rex,
771 1695 826 1780 qui
838 1684 1069 1780 triumphantis
1089 1705 1103 1752 1

58 1781 164 1867 magis
191 1803 288 1866 quam
319 1782 501 1846 dimicantis
533 1803 622 1848 more
653 1804 748 1848 curru
779 1785 925 1850 sublimis
952 1786 1070 1850 inierat

57 1871 231 1954 proelium,
261 1892 318 1953 per
345 1871 430 1952 loca,
460 1891 541 1956 quae
569 1892 669 1954 prope
696 1873 862 1937 immensis
886 1873 1069 1958 agminibus

61 1958 253 2042 inpleverat,
280 1958 345 2023 iam
368 1958 478 2023 inania
500 1962 533 2022 et
554 1958 681 2043 ingenti
703 1959 874 2025 solitudine
897 1965 999 2045 rasta,
1019 1962 1069 2026 fu·

34 2047 178 2132 giebst
224 2043 323 2110 Pauci
353 2066 461 2130 regem
493 2048 722 2132 sequebantur:
758 2069 837 2112 nam
866 2069 927 2114 nec
957 2049 1103 2116 eodem:

57 2155 171 2199 omnes
192 2133 304 2218 fugam
322 2132 529 2199 intenderant
545 2138 579 2199 et
596 2135 817 2201 deficientibus
835 2137 925 2222 equis
940 2159 1069 2203 cursum

56 2221 526 2376 lituum'diilal⁶¹a3iild⁰
548 2224 961 2377 tillal'utiqlitlll
982 2229 1103 2377 pidia

56 2397 253 2463 Graecorum
275 2400 428 2483 quattuor
449 2329 555 2462 militi
572 2420 640 2464 non
662 2361 792 2484 tegnius
814 2335 924 2464 tamin
947 2401 987 2464 ad
1003 2400 1068 2464 Elu-

56 2487 196 2571 phraten
217 2485 392 2570 contendit,
413 2486 446 2550 id
469 2486 597 2551 demum
614 2488 746 2553 credens
764 2487 832 2552 fore
850 2488 960 2571 ipsius,
983 2488 1069 2572 quod

57 2575 221 2641 celeritate
243 2574 425 2658 praecipere
447 2574 614 2656 potuisset.

147 2664 194 2729 At
216 2662 396 2727 Alexander
417 2660 678 2745 Parmenionem,
700 2683 756 2745 per
778 2684 873 2746 quem
897 2663 981 2746 apud
1004 2660 1067 2728 Da·
1086 2678 1104 2726 4

57 2773 202 2817 maecum
233 2754 363 2835 recepte
392 2754 462 2814 erat
490 2750 621 2834 praeda,
652 2751 774 2816 iussum
807 2772 878 2815 eam
905 2752 1008 2834 ipsam
1036 2755 1069 2816 et

57 2840 204 2924 captivos
238 2839 386 2925 diligenti
415 2838 583 2903 adservare
614 2839 772 2921 custodia,
809 2836 935 2923 Syriae,
971 2861 1067 2923 quam

57 2927 179 2994 Coelen
200 2932 328 3011 vocant,
349 2926 512 3010 praefecit.
556 2925 685 2992 Novum
706 2927 877 3010 imperium
893 2926 965 3011 Syri
987 2942 1102 2992 non-5

57 3017 135 3082 dum
157 3016 234 3082 belli
256 3014 399 3080 cladibus
420 3015 499 3079 satis
518 3014 631 3081 domiti
648 3016 916 3098 aspernabantur:
940 3014 996 3080 sed
1018 3036 1067 3079 ce·

56 3106 168 3171 leriter
189 3103 314 3169 subacti
337 3103 542 3169 oboedienter
563 3104 721 3187 imperata
743 3103 896 3168 fecerunt.
940 3103 1067 3168 Aradus

58 3214 186 3279 quoque
212 3192 318 3258 insula
345 3191 470 3256 deditur
491 3192 570 3277 regi.
612 3189 808 3256 Maritimam
829 3195 899 3256 tum
923 3212 1011 3255 oram
1035 3195 1101 3255 eto

57 3282 211 3366 pleraque
238 3281 366 3366 longius
389 3280 485 3344 etiam
508 3301 528 3343 a
550 3279 632 3343 mari
653 3280 833 3344 recedentia
851 3300 906 3343 rex
928 3279 996 3343 eius
1018 3280 1067 3342 in-

57 3371 148 3435 sulae
171 3367 279 3435 Strato
306 3368 502 3452 possidebat:
532 3389 595 3451 quo
621 3368 658 3432 in
684 3367 779 3432 fidem
807 3371 937 3451 accepto
961 3371 1067 3431 castra

19 3458 160 3524 2movit
186 3456 226 3521 ad
253 3457 365 3522 urbem
386 3455 573 3523 Marathon.
613 3455 672 3523 lbi
693 3456 749 3521 illi
765 3455 904 3520 litterae
928 3453 1122 3514 maraon
