2356 3846
502 203 717 267 -14..

100 365 261 449 citabant,
293 364 421 449 quando
456 365 518 428 erit
548 361 699 446 tempus'.
739 361 859 427 Mulier
887 364 1011 446 autem,
1044 363 1124 447 quia

99 454 204 538 magis
233 453 427 518 meticulosa
455 453 526 518 ideo
555 452 662 536 magis
693 452 836 516 sollicita
865 454 949 533 erat,
982 471 1120 537 surgens

99 543 139 607 de
162 543 247 607 lecto
271 546 304 607 et
325 542 440 607 induta
462 542 607 608 vestibus
631 540 732 606 exivit
755 540 794 605 de
821 540 966 605 tentorio
991 543 1025 605 et
1048 562 1121 605 cum

100 632 348 716 circumquaque
375 632 588 717 perquisisset
611 651 671 694 nec
693 651 791 694 naves
814 650 873 693 nee
899 629 1051 695 homines
1074 629 1121 693 in·

99 721 253 805 venisset,
280 742 410 786 reversa
438 720 479 785 ad
506 720 613 785 uirum
641 740 714 784 cum
742 739 862 803 magno
892 718 1019 783 eiulatu
1051 740 1120 783 rem

99 813 225 894 gestam
250 809 333 874 dixit
355 809 427 874 sibi.
465 809 526 886 Qui
550 809 612 873 hoc
636 808 748 873 audito
769 829 885 872 manus
909 807 944 871 in
967 807 1119 892 proprios

99 898 237 982 capillos
266 898 413 963 iniiciens
441 920 540 982 seque
568 897 763 982 decapillare
796 895 955 978 incipiens
988 895 1120 961 fortiter

99 987 132 1050 in
159 991 286 1051 tantam
313 989 583 1053 lamentationem
606 991 639 1051 et
660 986 808 1051 dolorem
831 985 997 1069 prorupit,
1026 985 1118 1071 quod,

97 1076 162 1140 nisi
195 1076 313 1141 mulier
345 1076 413 1141 eius
446 1077 593 1141 dolorem
626 1077 734 1141 verbis
767 1075 997 1140 consolatoriis
1034 1074 1117 1139 miti·

99 1168 219 1249 gasset,
243 1187 278 1230 se
300 1166 408 1249 ipsum
428 1169 465 1230 ut
485 1165 622 1230 aestimo
641 1165 775 1249 proprio
795 1163 906 1246 gladio
924 1163 1131 1247 peremisset}

98 1253 222 1318 dicens:
253 1252 292 1318 ‘0
321 1253 441 1319 dilecta
468 1253 600 1319 domina
622 1275 695 1318 mea
718 1258 751 1317 et
779 1274 913 1336 sponsa,
941 1272 1004 1336 ego
1035 1252 1114 1317 enim

98 1364 170 1406 sum
199 1344 352 1427 pauperis
375 1343 520 1407 mulieris
549 1342 636 1407 filius
661 1346 694 1407 et
715 1342 778 1406 tibi
800 1340 1029 1406 nobilissimae
1051 1363 1112 1405 mu·

97 1431 171 1494 lieri
197 1453 255 1514 per
282 1431 429 1497 fraudem
459 1435 492 1496 et
522 1432 632 1496 dolum
665 1430 914 1496 maledictorum
946 1429 1110 1495 hominum

98 1521 277 1604 copulatus.
315 1518 402 1595 Quot
425 1523 458 1584 et
481 1522 595 1605 quanti
617 1521 653 1586 in
675 1520 771 1585 domo
794 1520 899 1603 patris
922 1519 972 1583 tui
998 1518 1108 1602 reperi·

97 1612 209 1692 untur,
241 1610 297 1693 qui
329 1609 420 1694 digni
452 1612 485 1674 te
514 1631 574 1694 pro
605 1608 734 1674 familia
759 1630 826 1673 non
854 1611 931 1672 sunt
963 1607 1131 1693 reputatio

96 1718 234 1780 quorum
258 1717 319 1781 ego
343 1699 471 1763 ratione
499 1699 627 1783 generis
651 1719 765 1764 servus
789 1718 860 1763 esse
883 1719 949 1761 non
977 1717 1104 1782 possem

95 1784 169 1871 Ego
194 1787 279 1851 onim
304 1809 375 1851 sum
396 1808 496 1852 causa
514 1787 630 1851 mortis
654 1791 730 1851 tuae
749 1789 783 1852 et
803 1786 844 1851 ad
862 1785 964 1851 istum
983 1785 1102 1850 misera

96 1874 197 1939 bilem
216 1875 385 1939 interitum
403 1880 436 1941 te
455 1876 599 1960 perduxi.
630 1874 783 1960 Supplico
797 1878 836 1940 ut
848 1875 900 1940 vel
915 1897 968 1939 me
982 1873 1100 1959 proprio

97 1964 207 2048 gladio
231 1964 405 2029 interficias
429 1965 481 2029 vel
505 1965 643 2049 patiaris
667 1986 719 2029 me
741 1965 848 2048 ipsum
871 1962 1042 2049 iugulare’.

43 2050 87 2117 22
186 2051 304 2118 Mulier
332 2075 409 2118 vero
438 2054 507 2118 eius
534 2054 638 2118 nimio
666 2053 776 2118 dolore
803 2056 895 2117 mota
922 2053 1047 2137 sibique
1071 2062 1125 2115 ου

97 2140 193 2205 corde
225 2142 415 2225 conpatiens
446 2143 680 2207 consolabatur
711 2142 820 2226 ipsum
852 2141 978 2207 dicens:
1010 2138 1099 2207 ‘Unde

97 2234 154 2293 aut
173 2230 262 2295 cuius
282 2231 481 2296 condicionis
500 2231 553 2296 vel
572 2230 702 2315 generis
721 2231 767 2295 sis
785 2230 838 2296 vel
858 2229 974 2316 fueris,
998 2231 1035 2296 de
1051 2228 1100 2293 hoc
1130 2292 1132 2299 .

95 2339 160 2382 non
180 2340 315 2402 quaer03
340 2320 408 2384 scio
428 2320 513 2384 enim
533 2319 620 2405 quod
638 2319 720 2384 mihi
738 2320 772 2383 in
795 2320 952 2385 maritum
973 2320 1025 2384 vel
1041 2338 1099 2383 con-

95 2407 204 2493 iugem
229 2408 371 2474 sociatus
391 2430 439 2491 es,
462 2430 482 2473 a
504 2412 538 2472 te
560 2430 739 2493 numquam
757 2410 893 2492 propter
911 2410 1039 2492 patrem
1055 2406 1098 2471 aut

96 2500 235 2561 matrem
250 2501 307 2561 aut
321 2497 464 2582 aliquam
478 2519 651 2581 personam
666 2496 829 2562 viventem
847 2498 1024 2580 separabor
1037 2495 1125 2561 dun*

95 2584 216 2650 vixero.
252 2584 322 2651 Nec
340 2588 450 2670 potest
467 2608 520 2651 res
540 2587 611 2671 ipsa
631 2586 753 2670 absque
772 2585 923 2651 miraculi
941 2583 1098 2672 praesagio

96 2676 128 2737 et
143 2674 346 2740 ordinatione
366 2674 476 2740 divina
492 2675 660 2760 accidisse3
679 2678 814 2759 propter
832 2675 918 2760 quod
937 2675 1009 2760 ipse
1027 2674 1100 2754 deus,

96 2762 124 2826 si
143 2762 177 2826 in
195 2764 305 2847 ipsum
322 2763 460 2829 firmiter
480 2763 731 2847 speraverimus,
748 2785 809 2829 nos
827 2763 867 2829 de
885 2768 1001 2829 nostra
1019 2761 1099 2829 citius

96 2852 250 2936 angustia
272 2853 435 2918 liberabit.
478 2851 640 2918 Constans
664 2856 735 2918 esto
759 2857 792 2918 et
815 2851 895 2917 boni
917 2852 1030 2937 animi,
1050 2869 1100 2935 ego

96 2941 182 3005 enim
212 2940 317 3006 adhuc
344 2941 450 3006 habeo
478 2945 608 3007 tantum
636 2942 675 3007 de
702 2942 856 3026 pretiosis
885 2942 1028 3009 onceniis
1053 2950 1128 3026 per*

95 3035 235 3093 matrem
266 3052 372 3096 meam
405 3030 488 3095 mihi
519 3030 664 3115 traditis,
697 3030 829 3115 quibus,
860 3030 1035 3097 dummodo
1064 3024 1102 3093 lii

94 3118 201 3182 nostri
232 3119 273 3182 ad
303 3120 446 3204 aliquem
475 3123 608 3202 portum
644 3141 700 3185 seu
737 3119 976 3185 habitationem
1011 3117 1102 3185 homi·

97 3228 175 3271 num
198 3206 291 3272 vivos
313 3230 374 3274 nos
397 3209 621 3293 perduxerint,
643 3209 764 3275 habere
787 3208 969 3293 poterimus
991 3206 1102 3276 viam

154 3500 172 3551 2
194 3497 260 3552 erat
278 3514 333 3557 om.
354 3497 436 3554 codd.
511 3499 549 3552 ‘lt
569 3509 624 3565 que
642 3492 712 3548 tecet
728 3492 761 3546 tu
777 3491 854 3547 coit.
