2356 3846
128 126 192 192 186
501 128 533 193 o.
552 127 661 183 cuam
678 127 765 182 aum
802 202 809 209 ‚

75 280 107 330 19
127 292 245 336 corum.
293 269 353 334 Ille
380 289 433 335 1111
459 271 590 336 milibus
622 270 763 336 ferarum
795 270 926 335 deiectis
957 271 992 337 in
1020 271 1135 338 eodem

126 360 213 424 saltu
232 381 304 424 cum
322 362 392 423 toto
410 360 551 424 exercitu
574 359 723 442 epulatus
747 362 806 424 est.
833 439 835 443 ι

213 446 292 510 Inde
302 446 497 512 Maracanda
510 446 649 511 reditum
663 450 726 511 est:
741 451 934 530 acceptaque
949 449 1067 512 aetatis
1083 470 1134 514 ex·
1148 449 1167 512 3

126 536 290 601 cusatione
313 535 353 598 ab
372 536 534 600 Artabazo
558 534 759 618 provinciam
781 535 850 599 eius
874 535 1018 600 destinat
1037 533 1135 601 Clito.

73 633 108 682 2ο
126 621 189 687 Hic
203 626 281 705 erat,
300 623 355 706 qui
373 623 457 705 apud
471 621 644 688 Granicum
659 644 786 687 amnem
800 622 886 688 nudo
902 624 1008 706 capite
1022 645 1136 708 regem

126 712 333 775 dimicantem
352 711 454 794 clipeo
473 733 531 776 suo
549 710 632 775 texit
655 715 689 774 et
706 709 863 776 Rhosacis
882 733 1014 776 manum
1033 713 1136 796 capiti

125 800 212 882 regis
240 799 465 863 imminentem
498 799 606 882 gladio
639 799 831 882 amputavit,
862 802 954 864 vetus
986 798 1135 884 Philippi

73 895 106 944 21
125 888 217 951 miles
249 887 423 970 multisque
453 887 579 951 bellicis
611 886 763 969 operibus
790 886 904 951 clarus.
953 886 1135 973 Hellanice,

126 996 207 1058 quae
234 973 453 1040 Alexandrum
480 975 684 1058 educaverat,
711 995 803 1039 soror
826 975 908 1058 eius,
930 974 1019 1039 haud
1043 997 1135 1041 secus

125 1083 223 1145 quam
245 1066 349 1126 mater
371 1085 391 1127 a
412 1083 488 1147 rege
511 1063 716 1146 diligebatur.
761 1061 810 1126 Oh
833 1062 893 1126 has
917 1083 1031 1128 causas
1055 1065 1135 1128 vali·

125 1150 291 1214 dissimam
313 1151 441 1233 imperii
462 1154 588 1234 partem
612 1150 686 1215 fidei
709 1150 777 1214 eius
800 1151 985 1234 tutelaeque
1004 1153 1135 1216 commi-

47 1238 50 1244 '
72 1246 105 1295 22
125 1238 177 1302 sit.
222 1237 354 1320 Iamque
380 1239 444 1303 iter
470 1260 586 1321 parare
608 1238 644 1303 in
664 1241 832 1321 posterum
853 1238 960 1302 iussus
984 1240 1134 1305 sollemni

17 1390 21 1400 ,
125 1328 159 1389 et
185 1327 378 1408 tempestivo
412 1325 582 1390 adhibetur
612 1326 769 1391 convivio.
817 1325 858 1391 In
885 1347 947 1408 quo
975 1348 1032 1393 rex
1061 1349 1134 1393 cum

124 1412 228 1476 multo
251 1411 440 1478 incaluisset
463 1434 561 1495 mero,
583 1413 774 1478 immodicus
793 1413 983 1479 aestimator
1002 1416 1063 1498 sui,
1086 1436 1134 1480 ce·

124 1499 265 1583 labrare,
296 1521 377 1583 quae
410 1506 570 1586 gesserat,
603 1503 721 1586 coepit,
754 1501 863 1586 gravis
896 1501 994 1566 etiam
1022 1524 1133 1568 eorum

71 1595 105 1645 23
124 1588 269 1673 auribus,
305 1588 361 1671 qui
396 1589 580 1654 sentiebant
614 1610 691 1654 vera
722 1589 904 1654 memorari.
959 1587 1133 1656 Silentium

124 1679 234 1748 tamen
256 1675 397 1740 habuere
421 1678 572 1760 seniores,
595 1677 695 1742 donec
717 1677 862 1760 Philippi
883 1698 935 1742 res
958 1699 1056 1742 orsus
1076 1679 1133 1743 oh-

123 1767 226 1827 terere
248 1764 392 1828 nobilem
415 1765 498 1848 apud
517 1762 739 1829 Chaeroneam
762 1765 932 1829 victoriam
955 1766 1005 1828 sui
1024 1767 1132 1849 operis

123 1850 223 1916 fuisse
250 1852 385 1917 iactavit
414 1852 662 1936 ademptamque
693 1853 756 1916 sihi
782 1852 989 1937 malignitate
1024 1858 1058 1917 et
1088 1855 1133 1919 in-

68 1946 106 1995 24
124 1938 210 2004 vidia
237 1939 340 2022 patris
368 1943 481 2004 tantae
508 1941 556 2005 rei
584 1940 732 2023 gloriam.
776 1938 873 2004 Illum
900 1939 1028 2023 quidem
1051 1941 1133 2007 sedi·

123 2028 212 2091 tione
230 2028 315 2091 inter
333 2026 524 2092 Macedones
543 2028 664 2092 milites
684 2032 716 2092 et
734 2026 875 2093 Graecos
893 2030 1133 2096 mercennarios

123 2118 196 2178 orta
223 2115 427 2179 debilitatum
454 2117 600 2198 vulnere,
632 2115 718 2199 quod
745 2116 845 2179 inea
872 2118 1133 2183 consternatione

124 2207 300 2285 acceperat,
322 2203 468 2285 iacuisse,
486 2225 553 2269 non
571 2204 653 2268 alias
673 2225 770 2288 quam
789 2204 997 2269 simulatione
1017 2207 1131 2270 mortis

123 2290 290 2371 tutiorem,
313 2311 347 2354 se
366 2311 482 2373 corpus
501 2292 569 2356 eius
587 2292 777 2374 protexisse,
795 2291 897 2374 clipeo
917 2312 975 2356 suo
989 2296 1133 2358 ruentes·

70 2387 104 2436 25
124 2399 185 2462 que
212 2377 247 2441 in
274 2378 367 2442 illum
395 2400 453 2443 sua
480 2401 578 2444 manu
605 2379 735 2444 occisos.
781 2377 870 2454 Quae
892 2384 1019 2461 patrem
1041 2401 1132 2446 num·

95 2496 98 2502 ·
123 2488 221 2550 quam
245 2487 346 2550 aequo
371 2467 480 2532 animo
504 2489 573 2532 esse
595 2466 791 2549 confessum,
821 2467 960 2532 invitum
987 2468 1057 2534 filio
1082 2468 1132 2534 de·

123 2555 254 2619 bentem
268 2554 407 2620 salutem
421 2577 522 2620 suam.
554 2555 667 2639 Itaque
681 2558 757 2638 post
770 2555 1017 2640 expeditionem,
1035 2578 1130 2641 quam

124 2643 193 2706 sine
217 2665 254 2708 eo
277 2643 407 2709 fecisset
427 2644 496 2728 ipse
513 2643 549 2708 in
562 2644 704 2726 Illyrios,
727 2642 881 2708 victorem
905 2644 1074 2727 scripsisse
1097 2665 1130 2710 se

37 2728 40 2734 ’
123 2731 222 2815 patri,
253 2731 342 2797 fusos
373 2731 567 2816 fugatosque
596 2731 707 2797 hostes
739 2752 799 2796 nec
827 2731 966 2796 adfuisse
993 2754 1129 2816 usquam

70 2825 105 2875 26
123 2816 321 2901 Philippum.
360 2818 469 2884 Laude
488 2820 604 2903 dignos
623 2841 702 2903 esse,
724 2840 791 2885 non
810 2821 866 2903 qui
885 2817 1128 2887 Samothracum

123 2903 219 2968 initia
246 2906 400 2989 viserent,
431 2928 504 2971 cum
530 2906 645 2971 Asiam
674 2907 723 2971 uri
754 2908 939 2991 vastarique
967 2911 1128 2992 oporteret

124 2991 181 3055 sed
204 3013 272 3077 eos,
299 2995 354 3078 qni
381 2993 601 3077 magnitudine
623 3016 729 3059 rerum
752 2995 848 3061 fidem
871 2996 1125 3062 antecessissent

70 3090 105 3141 av
124 3077 214 3143 Haec
236 3083 269 3143 et
289 3081 340 3145 his
364 3081 484 3145 similia
506 3081 584 3145 laeti
606 3082 736 3147 audiere
758 3083 902 3168 iuvenes,
929 3084 1062 3167 ingrata
1083 3077 1152 3151 sel

124 3166 269 3233 niorihus
302 3172 401 3253 erant,
425 3169 563 3235 maxime
591 3174 724 3254 propter
750 3170 951 3256 Philippum,
978 3173 1039 3237 sub
1067 3192 1127 3258 quo

71 3267 106 3318 28
125 3254 243 3319 diutius
274 3256 433 3321 vixerant:
465 3279 538 3323 cum
566 3256 685 3343 Clitus,
715 3280 757 3324 ne
789 3261 859 3344 ipse
891 3259 1019 3344 quidem
1050 3259 1127 3327 satie

125 3344 265 3426 sobrius,
288 3344 329 3409 ad
352 3366 422 3427 eos,
446 3346 500 3429 qui
522 3346 608 3411 infra
630 3347 737 3430 ipsum
761 3347 935 3433 cubabant,
957 3368 1126 3415 conversus

117 3432 289 3516 Euripidis
316 3432 443 3497 rettulit
471 3454 614 3518 carmen,
641 3435 688 3498 ita
715 3439 752 3500 nt
779 3458 877 3501 sonus
905 3437 1010 3521 magis
1034 3456 1127 3522 quam

46 3526 86 3574 29
101 3539 217 3587 sermo
236 3522 389 3590 exaudiri
405 3526 523 3609 posset
543 3546 562 3590 a
579 3543 669 3610 rege,
691 3545 754 3609 quo
772 3525 1024 3608 signiheabatur,
1046 3525 1127 3591 male
