2356 3846
114 153 177 216 118
490 151 522 216 Q.
542 149 652 207 OURTI
669 150 756 206 RUFI

110 295 258 361 centibus
284 317 356 361 eam
383 295 560 361 verecunde
587 295 810 361 reluctantem
855 295 1027 361 Excellens
1056 299 1126 361 erat

19 444 22 448 .
110 383 216 449 forma
234 387 268 448 et
285 384 426 448 formam
438 384 542 467 pudor
555 384 762 449 honestabat.
798 381 942 449 Deiectis
956 384 991 448 in
1005 387 1125 450 tarram

110 473 212 538 oculis
245 476 291 555 et,
323 476 480 555 quantum
511 472 644 550 licebat,
679 493 735 538 ore
767 472 876 537 velato
908 472 1125 556 suspicionem

25 571 28 575 ’
110 560 261 644 praebuit
275 561 354 645 regi,
367 560 566 625 nobiliorum
581 582 660 639 esse,
679 582 776 645 quam
790 563 828 625 ut
840 561 926 626 intm
940 560 1124 626 convivales

76 652 92 701 ⁷
111 649 203 713 ludos
218 649 349 725 deberet
364 649 500 714 ostendi.
526 648 617 733 Ergo
631 649 841 734 interrogata,
856 669 1016 733 quaenam
1031 653 1124 732 esset,

109 737 234 820 neptim
262 759 297 802 se
320 736 415 822 Ochi,
445 737 500 822 qui
528 758 630 820 nuper
651 741 822 821 regnasset
844 737 879 801 in
905 735 1029 819 Persia,
1057 737 1124 802 filio

109 825 179 889 eius
202 826 348 910 genitam
371 847 442 891 esse
464 825 640 910 respondit,
663 846 795 889 uxorem
813 823 992 909 Hystaspis
1015 825 1124 891 fuisse.

110 912 315 998 Propinquus
338 914 394 978 hic
410 913 515 978 ‘Darei
537 912 658 997 fuerat,
681 914 793 998 magni
816 914 942 996 etipse
965 915 1124 979 exercitus

74 1015 91 1065 8
108 1006 250 1086 praetor.
286 1001 402 1067 Adhuc
415 1002 450 1065 in
465 1002 573 1067 animo
590 1002 678 1086 regis
694 1004 807 1066 tenues
821 1001 979 1085 reliquiae
993 1001 1125 1085 pristini

109 1091 210 1155 moris
228 1089 416 1154 haerebant.
451 1088 567 1174 Itaque
585 1089 749 1154 fortunam
768 1090 859 1173 regia
877 1090 980 1173 stirpe
994 1089 1125 1175 genitae

110 1183 143 1244 et
174 1183 244 1243 tam
271 1178 396 1242 celebre
425 1199 544 1243 nomen
572 1180 716 1261 [neptem
744 1177 841 1258 Ochi]
871 1178 1034 1242 reveritus
1061 1200 1126 1242 non

109 1266 232 1331 dimitti
249 1265 346 1330 modo
366 1266 538 1350 captivam,
561 1265 618 1332 sod
637 1266 737 1330 etiam
755 1266 885 1331 restitui
903 1266 932 1330 ei
951 1287 1028 1330 suas
1047 1287 1125 1349 opes

108 1353 213 1437 iussit,
234 1354 342 1418 virum
361 1374 488 1438 quoque
506 1353 636 1438 requiri,
658 1357 696 1419 ut
712 1358 841 1437 reperto
861 1354 1034 1436 coniugem
1054 1354 1126 1418 red·

73 1443 207 1507 aderet.
247 1440 383 1507 Postero
408 1446 517 1507 autem
545 1442 596 1506 die
623 1442 788 1525 praecepit
810 1439 1060 1525 Hephaestioni,
1088 1444 1126 1507 ut

109 1552 220 1595 omnes
244 1529 390 1614 captivos
413 1530 448 1594 in
469 1531 595 1615 regiam
617 1529 744 1594 iuberet
771 1529 895 1594 adduci.
939 1527 992 1593 Ibi
1016 1531 1125 1613 singu·

107 1620 214 1683 lorum
245 1618 420 1683 nobilitate
452 1621 599 1701 spectata
628 1618 767 1683 secrevit
795 1640 814 1681 a
841 1617 953 1701 vulgo,
986 1639 1125 1700 quorum

108 1706 271 1771 eminebat
289 1727 400 1791 genus.
440 1705 530 1770 Mille
549 1707 584 1770 hi
603 1705 746 1771 luerunt:
769 1705 856 1769 inter
875 1726 955 1789 quos
974 1710 1125 1789 repertus

108 1799 159 1860 est
182 1794 357 1879 Oxathres,
382 1795 483 1859 Darei
510 1793 624 1877 frater,
653 1815 719 1858 nou
741 1794 829 1858 illius
851 1793 998 1876 fortuna,
1026 1815 1125 1878 quam

56 1887 89 1938 10
107 1883 215 1948 indole
234 1884 334 1948 animi
352 1884 403 1947 sui
421 1882 548 1947 clarior.
580 1900 669 1947 xxvi
686 1882 778 1946 milio
795 1881 956 1946 talentum
974 1883 1125 1966 proxima

105 1972 226 2055 praeda
253 1971 383 2035 redacta
406 1974 511 2035 erant:
542 1992 560 2035 e
588 1971 660 2054 quis
684 1970 853 2034 duodecim
875 1966 969 2035 milia
991 1969 1028 2034 in
1048 1991 1125 2035 con·

108 2060 248 2144 giarium
276 2057 419 2121 militum
442 2059 615 2140 absumpta
638 2063 723 2123 sunt.
772 2057 836 2123 Par
863 2057 940 2122 huic
966 2059 1125 2142 pecuniae

55 2154 87 2204 11
108 2169 234 2212 summa
257 2145 426 2210 custodum
448 2144 562 2208 fraude
586 2147 753 2210 subtracta
770 2150 829 2210 est.
870 2145 1034 2230 Oxydates
1053 2151 1125 2212 erat

106 2235 228 2300 nobilis
241 2233 369 2317 Perses,
388 2234 477 2317 quia
492 2231 599 2297 Dareo
614 2232 749 2315 capitali
762 2232 921 2315 supplicio
940 2233 1124 2301 destinatus

107 2323 322 2389 cohibebatur
334 2322 369 2386 in
383 2321 536 2387 vinculis:
554 2321 631 2386 huic
644 2321 782 2385 liberato
797 2322 982 2402 satrapeam
996 2320 1125 2388 Mediae

107 2411 272 2478 attribuit:
299 2410 498 2495 fratremque
521 2408 620 2473 Darei
642 2408 764 2492 recepit
790 2407 825 2472 in
848 2407 1016 2473 cohortem
1043 2411 1125 2475 ami·

28 2524 33 2529 ·
107 2522 217 2567 corum
241 2499 330 2565 omni
353 2501 499 2564 vetustae
523 2497 682 2562 claritatis
705 2497 830 2562 honore
852 2501 991 2562 servato.

54 2597 88 2647 12
194 2587 280 2654 Hinc
298 2588 333 2652 in
348 2586 547 2652 Parthienen
564 2590 755 2670 perventum
770 2588 832 2668 est,
849 2588 927 2650 tunc
940 2585 1151 2670 ignobilem6

108 2682 251 2762 gentem,
278 2698 364 2742 nunc
387 2679 485 2760 caput
513 2675 670 2760 omnium,
700 2675 755 2759 qui
776 2677 852 2758 post
873 2672 1067 2756 Euphraten
1091 2679 1124 2740 et

54 2774 88 2824 13
107 2766 235 2851 Tigrim
259 2787 370 2830 amnes
395 2765 449 2829 siti
477 2764 575 2828 rubro
599 2763 682 2828 mari
708 2762 932 2828 terminantur.
981 2758 1124 2846 Scythae

105 2854 273 2936 regionem
292 2856 503 2937 campestrem
523 2873 560 2915 ac
578 2849 722 2915 fertilem
740 2854 988 2933 occupaverunt,
1006 2870 1124 2934 graves

107 2941 212 3006 adhue
231 2942 368 3006 accolae.
411 2939 508 3005 Sedes
531 2938 653 3002 habent
671 2941 705 3003 st
722 2938 757 3001 in
774 2938 908 3021 Europa
925 2942 959 3003 et
976 2937 1013 3002 in
1025 2937 1123 3003 Asia:

106 3027 479 3200 amississet
498 3027 616 3179 itti
630 3026 1124 3200 stitutus&

418 3167 427 3200 7

108 3205 256 3270 sthenem
282 3209 379 3288 atquc
407 3204 481 3269 inde
504 3202 545 3268 ad
567 3200 704 3267 Tanaim
728 3202 843 3283 [alium
866 3206 1009 3284 amnem]
1032 3209 1125 3270 reeta

56 3313 89 3363 14
106 3293 207 3378 plaga
238 3292 389 3358 attinent.
439 3289 561 3356 Tanais
593 3289 759 3374 Europam
792 3295 825 3356 et
852 3290 967 3356 Asiam
998 3292 1124 3357 medias

107 3381 273 3447 interfluit.
318 3379 387 3446 Nec
410 3379 592 3462 dubitatur,
619 3378 699 3464 quin
725 3376 877 3462 Scythae,
904 3380 959 3464 qui
981 3378 1124 3446 Parthos

96 3469 287 3554 condidere,
319 3491 387 3535 non
415 3491 435 3534 a
462 3467 624 3551 Bosporo,
655 3466 712 3533 ssd
739 3488 778 3532 ex
804 3467 957 3550 Europae
988 3469 1125 3552 regions

19 3569 59 3614 15
71 3559 346 3634 penetrarerrht.
384 3557 473 3628 Urbs
493 3560 568 3626 erat
584 3578 625 3624 ea
641 3557 837 3641 tempestate
850 3553 1125 3622 olarahieoatom-
