2356 3846
122 156 186 219 192
492 159 523 224 Q.
543 157 759 214 1111111111

119 301 222 384 deret,
256 323 319 385 quo
355 301 481 366 facilius
518 303 613 367 venia
647 301 698 365 illi
730 322 856 385 quoque
889 301 1132 385 impetraretur.

67 398 100 446 31
120 388 337 454 Praemissum
365 391 466 472 igitur
493 389 636 454 Oxarten
664 410 737 453 cum
765 393 868 455 matre
895 389 1075 471 liberisque
1098 395 1132 454 11

119 478 220 541 totius
244 478 445 560 cognationis
464 497 562 561 grege
582 478 738 561 sequebat
739 499 790 560 ur,
812 499 853 541 ne
872 481 1044 559 expectato
1064 479 1132 560 qui·

67 573 101 622 31
121 564 194 628 dem
228 565 304 629 fidei
334 565 484 666 pignore,
520 566 606 666 quod
639 565 774 630 Oxartes
807 565 1012 648 promiserat
1062 565 1131 629 Rex

121 653 228 736 equite
255 655 446 737 praemisso,
475 654 530 737 qui
553 654 670 717 reverti
698 675 752 718 eos
776 653 902 717 iuberet
911 653 1131 754 opperirique

119 742 378 823 praesentiam
369 742 485 825 ipsius,
519 741 705 824 supervenit
737 744 770 805 et
797 741 937 805 victimis
964 736 1131 806 Minervae

121 850 157 892 ac
180 828 257 893 Vict
243 830 346 894 toriae
374 829 476 893 caesis
504 830 673 931 imperium
697 826 875 892 Sisimithri
900 850 953 893 res
954 829 1047 892 tituit
1075 850 1131 913 spe

120 917 253 982 maioris
277 918 375 981 etiam
398 918 583 1000 provinciae
605 918 673 981 fact
674 939 701 999 a,
725 916 753 980 si
777 937 848 980 cum
871 916 933 979 fide
952 917 1131 981 amicitiam

67 1004 223 1086 suipsius
245 1005 408 1070 coluisset
452 1003 543 1071 Duos
570 1005 621 1069 illi
643 1005 773 1069 iuvenes
796 1007 889 1087 patre
911 1004 1062 1074 tradente
1086 1027 1131 1069 se·

121 1113 193 1155 cum
216 1093 416 1157 militaturos
440 1093 530 1177 sequi
552 1093 656 1157 iussit.

67 1188 102 1238 31
207 1179 334 1244 Relicta
357 1181 470 1244 deinde
493 1181 653 1264 phalange
677 1177 1170 1265 111111111111819111111,1(

120 1267 176 1351 qui
199 1267 396 1352 defecerant,
419 1290 491 1333 cum
515 1269 622 1351 equite
645 1268 811 1351 processit.
856 1267 1003 1331 Arduum
1027 1273 1061 1332 et
1083 1270 1132 1332 in·

119 1356 264 1436 peditum
288 1356 373 1419 saxis
401 1357 465 1420 iter
492 1356 599 1439 primo
626 1359 799 1438 utcumque
826 1355 1026 1440 tolerabant,
1056 1378 1133 1422 mox

120 1463 275 1525 equorum
304 1463 370 1507 non
396 1444 526 1527 ungulis
558 1444 654 1508 modo
682 1443 820 1524 attritis,
854 1443 910 1506 sed
942 1445 1132 1526 corporibus

120 1530 219 1594 etiam
241 1530 362 1614 fatigat
348 1531 391 1594 tis
421 1532 512 1615 sequi
538 1532 685 1615 plerique
706 1552 771 1595 non
794 1533 947 1612 poterant
970 1535 1004 1595 11
1027 1533 1132 1597 rarius

120 1618 256 1682 subinde
281 1639 397 1702 agmen
419 1620 517 1683 fiebat
503 1618 708 1702 tpudorem,
734 1622 772 1682 ut
794 1618 934 1699 ferefit,
906 1618 1131 1684 timmodico

67 1706 231 1772 3151111111
263 1707 419 1771 vincente.
467 1707 537 1771 Rex
564 1711 676 1771 tamen
705 1705 840 1769 subinde
873 1727 971 1789 equos
999 1711 1131 1772 mutans

122 1795 191 1858 sine
227 1795 465 1860 intermissione
501 1795 660 1878 fugientes
697 1794 933 1877 insequebatur
992 1793 1132 1860 Nobiles

120 1882 252 1945 iuvenes
285 1883 433 1948 comitari
465 1904 538 1947 eum
570 1882 659 1947 soliti
687 1881 870 1945 defecerant
900 1885 994 1964 praet
995 1903 1030 1946 er
979 1881 1132 1949 tPhi-

119 1969 253 2053 lippum.
298 1969 485 2052 Lysimachi
508 1974 578 2035 erat
599 1970 714 2050 frater,
739 1972 810 2032 tum
836 1969 977 2052 primum
1001 1952 1131 2036 adiltus

66 2061 167 2138 1111,
190 2057 275 2139 quod
297 2058 392 2121 facile
416 2058 597 2140 adpareret,
623 2019 742 2120 indolis
766 2078 867 2121 rarae.
910 2054 943 2120 Is
965 2058 1065 2139 pedes
1090 2095 1130 2105 -

120 2145 308 2208 incredibile
327 2144 393 2208 dict
379 2148 474 2209 tu-
496 2167 553 2227 per
574 2162 600 2208 11
623 2144 729 2208 stadia
750 2147 876 2207 vectum
898 2165 1009 2228 regem
1032 2147 1130 2210 comi-

119 2236 208 2295 tatus
241 2235 304 2314 est,
342 2253 437 2315 saepe
469 2254 586 2316 equum
619 2254 713 2296 suum
745 2232 897 2295 offerente
924 2230 1130 2318 Lysimacho,

119 2341 178 2383 nec
200 2322 323 2401 tamen,
346 2323 383 2383 ut
405 2319 627 2404 digrederetur
649 2341 669 2383 a
691 2340 782 2403 rege,
804 2319 889 2382 effici
911 2320 1033 2403 potuit,
1057 2343 1129 2386 cum

66 2407 372 2475 1111111111111111111
395 2429 486 2471 arma
508 2410 661 2491 gestaret.
705 2405 808 2488 Idem,
836 2429 907 2470 cum
936 2413 1130 2489 perventum

121 2500 207 2561 esset
225 2496 259 2559 in
277 2496 406 2578 saltum,
427 2496 461 2559 in
479 2517 541 2579 quo
561 2516 595 2560 se
613 2495 746 2559 barbari
764 2493 968 2577 abdiderant,
986 2497 1129 2562 nobilem

120 2583 222 2648 edidit
249 2604 392 2668 pugnam
421 2604 593 2668 regemque
616 2582 795 2648 comminus
819 2603 892 2645 oum
918 2582 1015 2647 hoste
1038 2585 1130 2649 dimi·

67 2687 101 2736 18
121 2675 248 2735 cantem
261 2672 412 2754 protexit.
454 2670 516 2736 Sed
530 2675 703 2755 postquam
717 2669 848 2734 barbari
861 2670 894 2733 in
909 2669 1022 2753 fugam
1037 2673 1129 2738 effusi

121 2758 288 2823 deseruere
307 2759 416 2840 silvas,
440 2760 574 2840 animus,
598 2760 654 2841 qui
676 2760 712 2823 in
735 2758 847 2822 ardore
867 2777 994 2841 pugnae
1015 2781 1128 2843 corpus

121 2849 373 2928 sustentaverat,
404 2808 501 2929 liquit
533 2809 620 2910 subit
606 2850 703 2928 toque
731 2868 769 2910 ex
798 2846 947 2910 omnibus
975 2849 1128 2912 membris

119 2931 251 3013 profuso
280 2933 396 2997 sudore
424 2933 549 2998 arboris
577 2933 742 3015 proximae
770 2933 876 3016 stipiti
904 2953 937 2997 se
966 2934 1127 3018 adplicuit

56 3030 101 3090 'aa
120 3017 244 3082 Deinde
267 3042 307 3083 ne
330 3021 388 3085 illo
412 3020 541 3103 quidem
565 3019 759 3084 adminiculo
779 3021 960 3086 sustinente
978 3024 1126 3088 manibus

120 3106 205 3189 regis
234 3112 386 3190 exceptus
414 3108 514 3189 est,
504 3111 590 3172 mter
616 3128 695 3190 quas
723 3110 894 3192 conlapsus
922 3110 1127 3194 extinguitur

68 3215 102 3264 40
119 3193 281 3258 Maestum
308 3215 418 3278 regem
443 3158 526 3260 alius
548 3193 635 3259 haud
657 3195 738 3260 levis
761 3196 854 3261 dolor
879 3197 1013 3280 excepit.
1058 3198 1126 3264 nri-

121 3282 214 3367 gyius
242 3282 326 3345 inter
349 3283 452 3349 claros
475 3284 571 3348 duces
594 3281 712 3347 fuerat:
686 3286 831 3384 tquem
854 3285 1034 3350 extinctum
1059 3305 1125 3352 esse

119 3371 217 3454 paulo
250 3373 339 3450 ante,
375 3392 472 3455 quam
503 3372 759 3437 reverteretur'
748 3393 782 3436 1n
814 3376 935 3456 castra,
967 3375 1125 3459 cognovit

98 3457 295 3606 ,Utriusque
316 3419 415 3525 fbnus
438 3460 527 3525 omni
549 3461 709 3543 apparatu
731 3482 750 3524 a
752 3463 828 3543 que
848 3461 971 3525 honore
990 3462 1126 3528 celebra·

114 3568 169 3611 um
196 3554 255 3616 est.
