2356 3846
250 153 504 209 msroamann
521 154 736 210 ιιιιιιιιιιιι
754 156 806 225 ιιι,
827 161 869 212 ιι.
1025 150 1074 221 25·

55 284 759 452 ιιιιιιιιιιιιιιιιι
785 300 1069 472 sarasan

54 475 225 559 permittit,
248 495 328 559 quos
341 475 446 553 vellet,
468 475 573 558 patrio
587 496 675 540 more
690 476 847 559 sepeliret.
873 476 936 540 Illa
948 497 1068 558 paucos
1089 498 1122 547 ιι

52 566 129 628 arta
162 562 402 647 propinquitate
434 563 622 628 coniunctos
653 584 713 647 pro
744 562 858 629 habitu
889 565 1068 648 praesentis

55 651 207 716 fortunae
224 650 351 715 humari
364 649 466 733 iussit,
489 654 680 734 apparatum
694 651 852 734 funerum,
874 674 937 735 quc
951 650 1068 717 Persae

56 760 208 823 suprema
230 738 337 803 officia
354 738 562 822 celebrarent,
583 739 776 804 invidiosum
789 739 859 804 fore
873 740 1070 818 existimans,

56 848 131 891 cum
153 827 292 891 viatores
314 826 400 890 haud
419 827 559 909 pretiose
577 831 803 891 cremarentur.
829 827 962 912 Iamque
976 828 1069 893 iustis
1089 848 1122 898 ιιι

56 915 283 981 defunctorum
305 914 492 998 corporibus
516 915 630 979 solutis
653 915 832 997 praemittit
854 915 894 979 ad
917 916 1070 998 captivas,

57 1003 114 1088 qui
135 1003 332 1086 nuntiarent,
353 1003 461 1084 ipsum
482 1003 600 1086 venire,
622 1003 821 1087 inhibitaque
844 1003 1069 1068 comitantium

55 1091 154 1156 turba
171 1090 414 1157 tabernaculum
434 1111 506 1155 cum
520 1089 760 1174 Hephaestione
777 1091 887 1155 intrat.
923 1091 955 1155 Is
972 1091 1069 1175 longe
1089 1113 1123 1163 ιι

57 1179 203 1244 omnium
225 1179 400 1244 amicorum
423 1179 605 1242 carissimus
628 1183 697 1243 erat
718 1178 804 1263 regi,
828 1200 900 1243 cum
922 1179 994 1262 ipsc
1012 1201 1070 1262 pa·

56 1268 137 1331 riter
168 1266 313 1349 eductus,
345 1269 539 1330 secretorum
570 1267 713 1331 omnium
743 1267 875 1331 arbiter:
911 1267 1071 1331 libertatis

57 1376 185 1439 quoque
215 1355 251 1419 in
280 1354 480 1419 admonendo
507 1374 545 1418 eo
571 1375 639 1419 non
666 1355 748 1419 alius
775 1357 875 1437 moyes
898 1355 949 1419 ius
972 1353 1069 1418 habe·

57 1444 129 1526 bat,
152 1442 238 1526 quod
260 1446 370 1506 tamen
391 1441 438 1504 ita
460 1442 650 1525 usurpabat,
673 1446 709 1505 ut
731 1443 835 1527 magis
859 1464 878 1506 a
900 1463 976 1528 rege
999 1463 1070 1525 per-

58 1532 206 1612 missum,
235 1552 330 1613 quam
362 1528 560 1593 vindicatum
592 1529 632 1592 ab
660 1551 698 1594 eo
724 1530 896 1595 videretur:
928 1535 960 1594 et
988 1529 1072 1602 sicut

58 1622 164 1682 aetate
191 1639 250 1699 par
279 1622 349 1682 erat
375 1617 457 1702 regi,
489 1617 535 1679 ita
562 1618 705 1698 corporis
731 1616 845 1681 habitu
874 1617 1070 1701 praestabat.

57 1705 148 1792 Ergo
177 1706 307 1790 reginae
333 1705 425 1769 illum
448 1726 517 1769 esse
539 1725 648 1789 regem
670 1707 760 1768 ratae
784 1727 841 1768 suo
863 1726 952 1770 more
975 1725 1122 1775 vene-17

57 1798 148 1859 ratae
172 1798 256 1857 sunt.
287 1792 366 1856 Inde
390 1815 429 1857 ex
452 1792 586 1874 captivis
609 1792 815 1875 spadonibus,
839 1793 910 1875 quis
931 1792 1069 1857 Alexan·

59 1883 116 1946 der
130 1886 222 1965 esset,
236 1883 345 1946 monst
330 1881 492 1944 trantibus
505 1878 694 1965 Sisigambis
708 1880 839 1944 advolut
825 1884 859 1943 ta
873 1884 923 1944 est
925 1879 1070 1981 ,pedibus

58 1971 142 2053 eius,
172 1970 408 2055 ignorationem
437 1989 612 2052 numquam
645 1972 742 2034 antea
772 1968 833 2033 visi
864 1968 949 2052 regis
977 1988 1070 2032 excu-

59 2080 145 2124 sans.
178 2058 283 2135 Quam
305 2079 404 2121 mauu
427 2057 578 2120 adlevans
601 2077 665 2140 rex,
689 2054 776 2120 Non
799 2055 925 2120 errasti'
926 2055 1071 2140 ,inquit

35 2144 184 2226 lmater,
206 2167 283 2210 nam
306 2149 339 2209 et
360 2144 413 2209 hic
426 2144 607 2208 Alexander
630 2143 699 2208 est'.
734 2143 893 2226 Equidem
915 2143 977 2208 hac
995 2164 1069 2208 oon·
1090 2164 1123 2214 18

56 2235 198 2299 tinentia
220 2233 320 2297 animi
342 2234 370 2296 si
393 2233 432 2296 ad
455 2232 603 2297 ultimum
624 2232 709 2297 vitae
727 2253 928 2315 perseverare
947 2231 1070 2315 potuis-

58 2327 122 2405 set,
153 2322 327 2386 feliciorem
355 2320 453 2384 fuisse
480 2319 653 2402 crederem,
686 2342 782 2404 quam
809 2321 896 2384 visus
920 2324 1071 2402 estesse,

57 2433 132 2475 cum
164 2409 272 2474 Liberi
303 2409 404 2492 patris
435 2408 615 2483 imitaretur
645 2407 859 2491 triumphum,
894 2427 995 2491 usque
1028 2406 1069 2470 ab

56 2498 272 2582 Hellesponto
296 2497 336 2561 ad
351 2495 513 2562 Oceanum
536 2516 647 2560 onmes
671 2500 784 2580 gentes
806 2495 941 2560 motoria
963 2514 1070 2560 emen·

58 2607 124 2652 sus
160 2585 212 2651 Sic
234 2585 365 2650 vicisset
385 2583 531 2667 profecto
550 2584 733 2666 superbiam
751 2587 848 2667 atque
869 2583 1122 2664 iram,mala1o

56 2675 193 2740 invicta:
217 2675 262 2738 sic
285 2671 495 2737 abstinuisset
508 2671 593 2735 inter
605 2671 715 2754 epulas
730 2671 879 2735 caedibus
894 2669 1070 2734 amicorum

58 2763 270 2847 egregiosque
288 2762 373 2826 bello
392 2759 478 2824 viros
496 2762 528 2822 et
545 2762 596 2822 tot
613 2758 760 2843 gentium
774 2778 883 2822 secum
896 2757 1070 2822 domitores
1142 2826 1149 2837 s

57 2850 161 2915 indict
147 2855 182 2914 ta
204 2871 301 2915 causa
322 2850 443 2913 veritus
465 2850 551 2910 esset
573 2845 725 2910 occidere.
761 2845 823 2911 Sed
843 2845 988 2910 nondum
1004 2844 1069 2909 for·
1088 2866 1123 2916 ao

57 2944 141 3003 tuna
176 2959 210 3001 se
246 2939 354 3002 animo
390 2936 458 2999 eius
490 2933 727 3018 superfuderat:
772 2935 881 3034 itaque
913 2934 1070 2998 orientem

57 3031 128 3090 tam
156 3026 319 3090 moderate
346 3029 379 3088 et
400 3023 574 3107 prudenter
595 3022 684 3105 tulit,
711 3022 751 3086 ad
774 3021 832 3085 ult
808 3024 923 3086 trmum
946 3021 1069 3106 magni·

57 3114 205 3199 tudinem
233 3115 299 3178 eius
326 3133 392 3177 uon
421 3112 513 3196 cepit
558 3109 648 3174 Tunc
676 3109 803 3192 quidem
829 3110 877 3175 ita
904 3131 937 3173 se
961 3109 1071 3193 gessit,
1089 3129 1122 3179 21

57 3188 97 3266 ut
124 3223 236 3266 omnes
264 3204 339 3265 ante
361 3221 434 3264 eum
455 3219 547 3283 reges
571 3201 605 3262 et
626 3198 826 3263 continentia
846 3202 879 3262 et
900 3196 1072 3262 elementia

56 3290 264 3355 vincerentur
265 3287 466 3373 .Virgines
493 3287 623 3371 reginas
651 3286 833 3351 excellentis
855 3286 979 3350 formae
1001 3288 1070 3348 tam

59 3383 170 3479 sancte
197 3339 325 3460 habuit,
358 3398 454 3459 quam
482 3374 509 3440 si
535 3374 649 3438 eodem
676 3395 739 3458 quo
766 3375 836 3458 ipse
858 3375 991 3459 parente
1015 3392 1068 3456 ge·

57 3467 147 3532 nitae
179 3465 299 3535 forent:
331 3465 501 3548 coniugem
528 3463 682 3545 eiusdem,
709 3484 805 3547 quam
836 3461 989 3525 nullaae
991 3459 1069 3525 tatis
1088 3480 1123 3531 aa

57 3562 136 3621 suae
160 3553 304 3638 pulchrit
289 3552 400 3620 tudine
428 3551 574 3638 eorporis
599 3513 697 3637 ιἰιιι,
719 3549 826 3616 abeo
821 3569 900 3632 mse
918 3567 999 3609 unu
1012 3548 1087 3602 *ixa
