2356 3846
51 1009 54 1013 ’
155 1002 190 1070 si
204 1004 388 1069 litterarum
403 1005 611 1089 antiquarum
620 1003 765 1090 cognitio
778 1003 870 1069 nulla
883 1004 1083 1071 incrementa

60 1097 194 1177 caperet
214 1093 280 1158 nisi
303 1114 341 1157 ex
365 1093 410 1158 eis
435 1094 658 1179 scriptoribus,
671 1093 737 1179 ·qui
754 1114 828 1158 raro
851 1093 1024 1160 admodum
1049 1101 1082 1161 et

60 1183 193 1267 magnis
211 1182 395 1248 intervallis
415 1204 454 1247 ex
472 1182 745 1249 bibliothecarum
761 1183 905 1248 tenebris
923 1183 959 1247 in
976 1183 1082 1250 lucem

59 1271 285 1356 proferantur,
312 1271 462 1337 imminui
491 1275 604 1338 contra
630 1272 827 1356 crederetur,
855 1273 1081 1357 quotienscun-

60 1383 126 1444 que
148 1360 233 1425 liber
259 1361 376 1446 aliquis
401 1362 442 1427 ab
467 1361 581 1426 eccui
610 1360 795 1426 adscribere
819 1363 1080 1428 consueverimus

60 1449 190 1515 auctori
211 1450 422 1534 abiudicetur‚
441 1450 618 1514 maximum
636 1449 783 1514 futurum
803 1471 873 1515 esse
891 1451 1081 1536 periculum,

57 1561 101 1602 ne
125 1542 257 1603 nostrae
281 1539 398 1604 aetatis
421 1538 583 1623 philologi
606 1539 715 1622 potius
733 1540 960 1604 retrocessisse
984 1563 1080 1624 quam

58 1627 188 1712 priores
213 1649 382 1712 superasse
406 1627 591 1693 viderentur
613 1627 793 1693 rectissime
822 1628 979 1710 scriptum
1002 1629 1081 1714 legi-

57 1739 134 1782 mus
149 1717 185 1780 in
199 1716 317 1782 eximia
332 1716 453 1782 Wolff
456 1717 529 1780 lini
534 1766 543 1799 ,
556 1716 619 1781 viri
634 1716 825 1800 doctissimi,
843 1716 1081 1798 dissertatione,

57 1827 145 1891 quae
168 1809 219 1870 est
242 1806 281 1870 de
303 1805 340 1872 L.
363 1805 491 1870 Annaei
514 1802 655 1870 Senecae
677 1805 821 1870 monitis.
864 1805 971 1882 Quare
993 1806 1080 1871 haud

59 1895 221 1960 absonum
252 1894 333 1959 mihi
365 1895 472 1961 visum
501 1897 551 1959 est
584 1894 791 1978 antiquitatis
820 1894 928 1959 studia
958 1894 1080 1960 librum

59 1983 223 2068 quendam
246 1983 410 2049 oblivione
439 2004 573 2068 prorsus
601 1983 754 2048 obrutum
779 1982 900 2048 edendo
923 2005 982 2067 pro
1006 2005 1080 2049 mea

57 2076 154 2156 parte
167 2093 369 2156 promovere,
388 2073 530 2156 quamsi
548 2072 604 2157 qui
622 2075 757 2156 propter
775 2071 902 2137 dicendi
919 2073 1080 2138 rationem

57 2161 102 2226 ab
134 2162 267 2244 optimis
297 2161 512 2244 scriptoribus
542 2164 702 2226 remotam
734 2161 827 2246 parvi
860 2161 1081 2226 aestimabunt

57 2271 155 2333 spero
179 2250 327 2315 futurum
350 2271 420 2314 esse
443 2249 558 2315 utilem
583 2253 616 2314 et
639 2251 679 2314 ad
702 2250 832 2316 litteras
852 2251 1004 2334 antiquas
1029 2272 1081 2316 ao-

57 2339 202 2404 curatius
227 2361 325 2423 quam
349 2338 454 2403 adhuc
477 2340 549 2403 fieri
575 2339 685 2422 potuit
707 2340 957 2422 perscrutandas
982 2342 1015 2404 et
1039 2339 1079 2404 ad

56 2427 187 2493 fabulas
224 2428 341 2493 melius
379 2427 627 2511 intellegendas,
665 2449 745 2511 quas
784 2426 823 2492 de
861 2425 1078 2493 Constantino

56 2514 180 2600 Magno
209 2517 342 2601 eiusque
370 2518 474 2580 matre
502 2517 622 2580 iterum
643 2516 826 2601 iterumque
850 2517 1081 2602 excogitabant

56 2626 170 2670 novas.

147 2693 234 2760 Nam
262 2698 299 2759 ut
326 2698 434 2761 cetera
456 2695 620 2778 omittam,
648 2715 699 2778 ea,
725 2716 807 2779 quae
832 2691 946 2760 Suidas
970 2692 1079 2780 (11,p.

58 2783 126 2849 382
155 2783 203 2848 ed.
230 2782 435 2867 Bernhardy)
464 2784 503 2848 de
535 2783 718 2848 rationibus
752 2783 947 2868 quibusdam
983 2783 1079 2850 nobis

56 2871 207 2957 tradidit,
244 2873 362 2957 quibus
401 2869 614 2938 Constantius
654 2870 790 2938 Chlorus
828 2869 1079 2938 Constantinum

56 2962 163 3027 filium
182 2984 276 3026 suum
296 2963 487 3046 cognovisse
506 2962 633 3041 dicitur,
655 2983 693 3026 ex
713 2962 758 3026 eis
778 2961 882 3046 libris,
900 2962 956 3045 qui
975 2960 1080 3028 adhuc

57 3049 98 3114 de
128 3050 179 3115 his
208 3051 287 3115 viris
317 3050 441 3135 publici
470 3051 550 3116 iuris
578 3050 659 3116 facti
687 3053 776 3135 sunt,
803 3051 953 3135 intellegi
981 3051 1079 3134 plane

55 3161 124 3204 non
161 3143 320 3223 poterent.
370 3139 465 3205 Nunc
497 3161 572 3205 vero
609 3138 691 3203 illud
724 3137 841 3204 Suidae
877 3138 1081 3224 γνωρισθεὶς

57 3224 98 3292 δὲ
120 3229 165 3316 τῷ
188 3227 288 3313 πατρὶ
311 3224 394 3295 κατά
417 3252 512 3305 τινας
534 3231 726 3313 γνωρίμους
746 3224 891 3312 τρόπους
913 3230 961 3294 ita
979 3230 1079 3294 inter·

54 3317 183 3400 pretari
207 3317 295 3400 licet,
322 3322 359 3382 ut
383 3318 412 3382 si
434 3339 502 3383 non
526 3318 660 3384 candem
688 3318 830 3384 similem
858 3321 944 3383 certe
966 3339 1079 3382 narra·

54 3406 182 3470 tionem
210 3403 325 3472 suidas
350 3411 426 3474 ante
448 3407 559 3474 oculos
581 3407 736 3473 habuisse
755 3408 881 3473 dicatur
904 3410 1001 3488 atoue
1024 3406 1078 3470 hic
