2356 3846
110 139 200 194 XXIV
505 141 734 198 SUMMARIUIII

111 283 219 339 crudeli
238 282 335 338 adficit
353 283 501 354 supplicIo.
534 284 594 339 VH.
613 284 723 340 Deinde
737 284 779 340 Ae
838 288 899 340 tum
917 284 992 354 petit
1009 284 1133 354 visitque

39 360 91 412 eei
112 354 187 410 Iovis
196 353 363 410 Hammonis
373 355 524 411 oraculum.
544 356 800 427 VIIIIiiAegypto
847 355 1133 412 exandriamcondIt:

109 425 176 481 inde
195 425 351 498 Memphim
368 426 454 495 petit,
475 444 520 481 res
539 427 664 497 Aegypti
683 427 804 482 ordinat.
838 427 883 482 IX.
903 427 1011 482 Dareus
1032 428 1070 482 ad
1083 427 1134 482 Ar-

108 498 175 552 bela
187 497 318 567 pervenit
332 499 487 566 eodemque
502 501 634 568 superato
648 498 765 570 Tigride
779 498 947 553 Alexander.
976 499 1009 554 X.
1025 499 1134 554 Milites

109 570 146 624 ob
164 570 249 623 lunae
268 568 456 624 defectIonem
474 571 605 625 turbatos
624 587 674 640 per
693 569 851 641 Aegyptios
876 571 957 624 rates
986 571 1134 626 confirmat

108 641 276 696 Alexander.
304 640 452 696 Persarum
465 641 573 695 milites
588 658 672 711 agros
687 643 833 696 vastantes
852 640 883 695 in
901 640 1000 710 fugam
1019 641 1132 697 conicit.

108 711 193 767 Darei
221 729 291 766 uxor
318 711 432 781 captiva
458 729 586 767 moerore
615 713 745 768 confecta
773 729 934 781 supremum
962 711 1039 766 diem
1063 713 1133 767 obit.

108 782 263 838 Alexandri
290 783 390 838 luctus.
432 782 519 838 Darei
541 783 609 839 inde
633 783 820 865 suspiciones,
849 782 965 853 cognita
992 800 1022 837 re
1051 786 1135 852 grata

108 856 183 910 vota.
229 854 275 908 XI.
304 854 405 909 Pacem
438 854 555 909 tertium
589 858 748 924 quaesitam
775 854 883 909 Dareus
910 871 968 908 non
1000 854 1134 924 inpetrat,

108 927 146 981 ad
165 925 344 981 deditionem
359 928 408 980 aut
433 926 470 979 ad
496 925 605 981 bellum
631 925 681 980 ille
710 927 746 980 ab
765 924 926 980 Alexandro
954 929 1133 994 provocatur.

108 997 167 1050 XII.
191 996 236 1050 Ad
259 995 399 1066 proelium
418 996 486 1052 dum
498 996 647 1052 Persarum
670 1013 700 1053 se
724 997 863 1052 exercitus
886 999 981 1066 parat,
1001 997 1133 1051 Macedo·

107 1084 157 1122 nes
181 1069 289 1122 terrore
307 1067 388 1123 velut
405 1067 580 1137 lymphatico
598 1067 725 1138 percussi
744 1085 823 1122 arma
846 1068 953 1122 alacres
973 1071 1133 1137 capessunt.

107 1138 180 1193 XIII.
205 1137 331 1193 Consilia
362 1137 556 1193 Parmenionis
585 1142 615 1194 et
641 1138 867 1208 Polypercontis,
892 1138 942 1207 qui
964 1140 1135 1193 nocturnum

100 1209 246 1280 ‘proelium
270 1210 402 1276 suadent,
426 1208 587 1264 Alexander
611 1209 728 1267 damnat
750 1225 906 1278 somnoque
925 1208 1050 1264 refectus
1068 1227 1134 1264 suos

108 1281 145 1335 ad
163 1297 288 1349 pugnam
307 1280 444 1335 accendit.
473 1277 546 1335 XIV.
564 1281 720 1336 Alexandri
738 1282 776 1335 ad
791 1280 974 1347 Graecorum,
994 1280 1080 1334 Darei
1095 1282 1134 1335 ad

106 1351 255 1407 Persarum
274 1350 429 1406 exercitum
452 1353 518 1406 ante
536 1369 662 1421 pugnam
681 1351 833 1409 orationes.
869 1351 928 1407 XV.
954 1351 1070 1406 Grucnti
1095 1353 1133 1406 ad

106 1422 213 1477 Arbela
235 1421 346 1492 proelii.
361 1421 524 1493 descriptio.
565 1422 665 1479 Victor
686 1422 848 1478 Alexander
870 1422 995 1481 Dareum
1022 1421 1131 1478 victum

106 1493 293 1563 persequitur.
331 1492 402 1549 XVI.
421 1492 509 1548 laevi
527 1510 640 1562 cornus,
661 1493 707 1549 cui
724 1493 873 1551 Parmenio
892 1496 1035 1564 praeerat,
1054 1494 1129 1565 peri-

106 1565 203 1620 culum
224 1564 418 1620 Alexandrum
444 1563 573 1620 retrahit.
614 1556 740 1622 Tandem
762 1565 876 1636 integra
897 1563 1019 1620 victoria
1042 1565 1130 1634 potiti

106 1634 275 1692 Macedones
294 1636 420 1706 reliquos
440 1635 541 1703 Persas
560 1635 630 1707 fuga
648 1653 783 1705 quaerere
801 1637 923 1692 salutem
942 1638 1056 1706 cogunt.

527 1805 650 1865 Llssaa
673 1804 709 1866 V.

178 1920 198 1974 I.
217 1919 309 1976 Dareo
327 1919 441 1976 Mediae
458 1919 528 1976 fines
546 1919 687 1991 ingresso,
706 1918 819 1975 Arbelis
838 1919 948 1989 potitur
966 1919 1129 1977 Alexander

106 1993 137 2046 et
154 1991 312 2060 Babylone,
342 1990 421 2046 cuius
445 1990 530 2058 situs,
558 1990 729 2061 amplitudo,
759 1989 885 2062 corrupti
907 2006 1001 2046 mores
1026 1991 1130 2047 descri-

105 2062 219 2117 buntur.
261 2062 294 2116 H.
318 2060 458 2117 Militibus
483 2061 611 2132 praemia
628 2061 775 2133 proponit,
803 2063 836 2117 ut
858 2059 912 2116 otii
934 2060 1007 2117 vitia
1036 2061 1129 2119 diseu-

106 2134 188 2188 teiet.
243 2132 315 2188 Susa
344 2133 443 2189 urbem
477 2149 510 2188 ac
537 2150 638 2205 regum
664 2133 812 2188 Persarum
838 2132 988 2188 thesauros
1018 2133 1128 2204 recipit,

106 2203 290 2273 Sisigambim
320 2204 489 2260 consolatur.
531 2204 578 2259 III.
606 2203 743 2260 Uxiorum
774 2202 891 2274 regione
919 2206 1052 2277 superata
1083 2205 1131 2260 de·

107 2274 182 2330 ditos
207 2277 236 2330 et
259 2274 386 2344 captivos
406 2293 470 2331 cum
493 2273 627 2330 libertate
650 2276 711 2330 tum
738 2273 918 2331 immunitate
937 2274 1040 2332 donat:
1063 2275 1128 2331 Per-

107 2345 198 2401 sidem
234 2345 340 2401 intrare
377 2345 507 2416 cogitans
545 2346 580 2400 ab
617 2345 808 2402 Ariobarzane
845 2346 976 2402 recedere
1009 2347 1129 2419 cogitur.

106 2416 153 2472 IV.
178 2416 298 2487 Captiva
324 2417 449 2487 quodam
478 2417 534 2473 iter
556 2416 654 2487 paucis
678 2417 823 2488 cognitum
845 2419 1035 2487 monstrante,
1065 2418 1130 2474 Per·

108 2505 202 2544 sarum
220 2487 386 2556 exercitum,
406 2487 468 2559 ipso
487 2487 678 2544 Ariobarzane
697 2487 804 2555 occiso,
825 2488 910 2544 delet.
948 2489 981 2545 V.
1001 2489 1047 2545 Ad
1065 2490 1130 2545 Per-

108 2559 229 2687 ινθῖροὶίιιι
255 2576 408 2630 properans
439 2559 616 2629 captivorum
644 2558 815 2615 Graecorum
842 2559 881 2615 IV
908 2558 989 2617 milia
1015 2559 1130 2617 liberat.

149 2675 154 2686 .
175 2629 398 2701 Opulentissima
415 2632 485 2686 urbe
503 2629 649 2701 Persepoli
671 2629 797 2700 direpta,
821 2629 984 2687 interiorem
1005 2630 1130 2688 Persidis

36 2630 90 2682 330

108 2719 254 2773 regionem
296 2705 350 2757 etit
372 2719 406 2757 ac
506 2718 586 2756 orum
610 2703 708 2757 domat
730 2704 853 2770 gentem.
944 2702 1131 2758 Alexander

162 2701 168 2713 '
274 2720 295 2783 p
327 2701 333 2712 '
423 2701 505 2756 Mard
890 2700 942 2755 VH

108 2773 153 2855 in.
170 2773 300 2828 convimo
333 2790 358 2855 a·
375 2773 483 2828 Thaide
516 2773 644 2855 inpulsus
659 2834 663 2839 .
677 2772 963 2854 PersarumtregIam
991 2773 1129 2842 incendit,

108 2844 210 2899 deinde
227 2860 361 2925 persequi
378 2844 501 2900 Dareum
521 2847 630 2899 statuit.
663 2840 740 2899 VIII.
759 2844 845 2899 Darei
864 2860 929 2899 suos
949 2843 986 2898 ad
1004 2862 1132 2914 pugnam

107 2916 250 2970 hortantis
264 2914 364 2970 oratio.
391 2915 437 2971 IX.
452 2915 557 2971 Variae
570 2914 731 2986 principum
746 2913 916 2970 sententiae:
936 2916 1131 2972 consternatio

108 2988 145 3041 ob
164 2985 352 3054 Nabarzanis,
377 2986 426 3055 qui
449 3004 513 3042 oum
531 2987 618 3043 Besso
641 2985 811 3056 proditionis
831 2985 998 3045 societatem
1017 2987 1130 3056 inierat,

108 3057 267 3113 consilium.
307 3057 341 3113 X.
364 3057 446 3113 Bessi
474 3061 503 3114 et
524 3057 701 3114 Nabarzanis
726 3057 761 3113 do
785 3057 877 3113 Dareo
905 3058 1052 3127 prodendo
1082 3062 1132 3116 aut

108 3129 264 3211 occidendo
286 3127 396 3184 resana
419 3129 596 3185 deliberatio.
634 3129 680 3185 XI.
699 3128 823 3184 Insidiae
841 3129 1019 3211 prodItornm
1038 3129 1131 3212 Dareo

107 3201 349 3342 restittit
367 3200 830 3355 ,beatitatem
843 3202 962 3327 aaa?
984 3201 1131 3354 iffi

109 3360 156 3398 sus
179 3342 307 3424 'Dareum
334 3343 407 3398 fictis
434 3344 530 3398 verbra
544 3346 587 3425 ‘et
613 3344 749 3426 lacrimis
768 3343 897 3424 delusum
925 3344 1132 3414 conprehendit

105 3430 257 3481 aureisque
276 3416 403 3470 vinctum
421 3415 606 3485 compedibus
624 3433 656 3469 in
674 3414 790 3470 sordido
807 3414 939 3470 vehiculo
958 3415 997 3468 ad
1009 3413 1131 3471 Alexan·

90 3480 177 3531 ᾱηιιιι
204 3484 351 3540 deducere
370 3489 466 3555 parat.
504 3485 577 3541 XIII.
596 3485 758 3542 Alexander
781 3484 880 3541 andito
899 3484 985 3541 Darei
1004 3485 1131 3556 periculo

70 3542 117 3590 ad
128 3544 292 3626 {bracium
314 3557 479 3614 exercitum
499 3557 662 3616 contendit.
693 3557 800 3616 Bessus
817 3559 916 3614 satam
931 3574 997 3611 cum
1012 3557 1131 3627 reliquis

51 3614 224 3670 '’⁸¹⁷⁷01d18
254 3639 343 3682 erma
373 3631 555 3704 vultumque
586 3630 712 3690 victoris
740 3632 873 3687 metiaris
890 3629 1023 3682 Danaum
1044 3628 1143 3681 innita
