2356 3846
239 141 494 200 HISTORIARUM
511 141 729 198 ALEXANDRI
747 141 808 212 VII,
828 147 851 198 1.
871 148 896 196 2.
1010 139 1074 204 153

497 337 577 405 One.
600 338 642 406 11.

33 485 54 548 6
154 461 241 528 Dum
259 464 339 529 haec
357 464 519 547 Amyntas
539 465 617 549 agit,
635 464 720 528 forte
739 466 1000 546 supervenerunt,
1019 463 1074 544 qui
1093 471 1107 520 1

65 552 201 617 fratrem
232 553 300 616 eius
329 552 553 635 Polemonem,
590 553 630 617 de
661 573 725 635 quo
758 555 832 617 ante
864 556 914 616 est
944 551 1074 633 dictum,

64 641 245 725 fugientem
260 641 423 705 consecuti
437 641 583 705 vinctum
595 639 800 705 reducebant.
831 639 953 704 Infesta
967 640 1073 703 contio

65 730 118 793 vix
146 728 288 793 inhiberi
316 729 435 813 potuit,
464 728 542 812 quin
568 730 718 812 protinus
746 749 917 794 suomcre
940 727 1075 791 sarain

65 839 140 881 eum
158 817 285 881 iaceret.
325 817 435 900 Atque
452 817 509 881 ille
528 838 605 882 sane
623 817 801 901 interritus,
818 814 942 898 ‘Nihil',
959 815 1075 899 inquit,
1092 827 1109 875 a

66 905 137 988 ‘pro
161 926 212 968 me
234 906 402 989 deprecor,
430 905 525 971 modo
546 926 588 969 ne
610 905 748 970 fratrum
771 903 974 970 innocentiae
996 904 1075 987 fuga

63 995 244 1077 imputetur
270 1015 351 1059 mea.
395 993 486 1058 Haec
513 994 543 1058 si
570 993 696 1059 defendi
724 1015 789 1058 non
815 997 938 1077 potest,
957 1006 1074 1056 *meum

65 1082 187 1146 crimen
218 1081 270 1145 sit.
323 1081 450 1146 Horum
478 1083 519 1147 ob
547 1082 580 1146 id
606 1083 714 1166 ipsum
741 1082 855 1147 mehor
887 1084 937 1145 est
968 1101 1075 1162 cansa,

64 1170 152 1254 quod
174 1189 244 1254 ego,
267 1170 324 1253 qui
346 1170 487 1256 profugi,
510 1175 678 1254 suspectus
702 1169 795 1235 sum'.
838 1169 987 1234 Athaco
1010 1168 1073 1232 elo·
1093 1180 1109 1228 3

64 1261 141 1323 outo
164 1259 316 1322 universa
334 1260 443 1324 contio
462 1258 599 1324 adsensa
617 1263 680 1325 est:
704 1259 857 1323 lacrimae
875 1256 989 1322 deinde
1008 1277 1074 1321 om·

62 1347 162 1410 nibus
188 1367 321 1411 manare
348 1351 522 1430 coeperunt
549 1348 628 1413 adeo
655 1349 690 1412 in
716 1347 913 1412 contrarium
940 1349 1075 1428 repente

63 1435 216 1518 mutatis,
245 1438 283 1499 nt
309 1434 371 1499 hoc
398 1436 502 1499 solum
529 1457 589 1518 pro
622 1457 660 1500 eo
692 1440 791 1519 esset,
823 1435 908 1518 quod
936 1434 1075 1498 maxime

64 1523 214 1587 laeserat.
253 1521 382 1587 Iuvenis
411 1527 480 1587 erat
505 1525 611 1607 primo
640 1525 756 1588 aetatis
783 1523 860 1587 flore
887 1522 1110 1606 pubescens,4

64 1632 161 1694 quem
176 1611 262 1675 inter
280 1613 406 1694 equites
420 1612 592 1676 tormentis
606 1611 756 1677 Philotae
775 1611 985 1676 conturbatos
1000 1610 1075 1674 alie·

62 1721 125 1762 nus
153 1703 258 1763 terror
285 1700 478 1764 abstulerat:
506 1699 669 1764 desertum
697 1721 770 1764 eum
797 1722 817 1764 a
844 1699 1014 1763 comitibus
1042 1703 1076 1763 et

62 1787 282 1852 haesitantem
296 1789 381 1852 inter
395 1788 574 1852 revertendi
594 1787 802 1874 fugiendique
821 1786 1001 1869 consilium,
1020 1786 1075 1870 qui

64 1875 169 1939 secuti
192 1880 293 1959 erant,
315 1881 558 1959 occupaverunt.
602 1876 635 1940 Is
658 1881 729 1940 tum
751 1875 828 1940 flere
851 1875 958 1958 coepit
982 1878 1014 1938 et
1037 1885 1109 1938 oss

65 1985 160 2027 snum
195 1966 441 2046 converberare‚
477 1967 621 2029 maestus
652 1986 717 2029 non
749 1986 842 2029 snam
866 1963 982 2046 vicem,
1019 1963 1075 2026 sed

63 2056 199 2134 propter
211 2052 317 2135 ipsum
336 2053 586 2136 periclitantium
603 2053 749 2117 fratrum.
782 2051 990 2134 Moveratque
1008 2051 1075 2114 iam
1093 2063 1109 2112 6

63 2160 175 2224 regem
194 2161 329 2224 qnoque,
345 2161 414 2205 non
431 2143 614 2205 contionem
632 2141 739 2225 modo,
760 2140 917 2205 sedunus
936 2143 1007 2204 erat
1027 2141 1074 2202 in·

63 2227 237 2311 placabilis
255 2229 363 2311 frater,
382 2230 438 2312 qui
457 2229 596 2293 terribili
611 2230 702 2294 vultu
715 2229 845 2293 intuens
860 2249 942 2312 eum,
961 2226 1075 2311 ‘Tum',

64 2317 127 2400 ait,
155 2316 312 2404 ‘demqns,
339 2318 507 2381 lacrimare
535 2317 807 2401 debueraS,'cum
831 2338 912 2400 equo
936 2317 1075 2380 calcaria

64 2404 229 2484 subderes,
247 2405 386 2470 fratrum
401 2405 545 2469 desertor
563 2410 596 2470 et
611 2406 812 2471 desertorum
825 2425 942 2469 comes.
964 2403 1074 2486 Miser,

64 2514 129 2577 quo
153 2496 186 2557 et
207 2494 292 2558 unde
313 2493 475 2579 fugiebas!
516 2493 672 2576 Effecisti,
694 2498 731 2558 ut
753 2515 826 2558 reus
850 2493 965 2575 capitis
983 2513 1074 2556 accu-

63 2581 183 2646 satoris
206 2585 314 2646 uterer
335 2580 463 2648 verbis'.
503 2580 563 2646 Ille
586 2603 736 2664 peccasse
759 2603 803 2663 se,
826 2582 881 2645 sed
899 2581 985 2645 baad
1001 2592 1108 2663 gra-'1

62 2669 136 2734 vius
164 2671 199 2734 in
225 2669 342 2734 fratres
365 2692 461 2754 quam
484 2671 519 2734 in
542 2671 751 2753 semetipsum
772 2669 945 2733 fatebatur.
991 2668 1073 2733 Tum

62 2778 140 2823 vero
172 2779 276 2841 neque
308 2758 450 2822 lacrimis
482 2780 586 2842 neque
617 2757 924 2840 adclamationibus,
956 2757 1073 2840 quibus

63 2846 173 2912 studia
196 2869 256 2911 sua
278 2846 453 2911 multitudo
476 2847 660 2931 profitetur,
682 2850 954 2930 temperaverunt.
999 2845 1074 2910 Una

61 2957 125 2999 vox
149 2938 219 2999 erat
241 2936 313 3019 pari
336 2935 455 3000 emissa
477 2955 644 3017 consensu,
666 2939 704 2999 nt
725 2934 910 3000 insontibus
931 2937 964 2997 et
981 2933 1073 2998 forti·

61 3024 124 3087 bus
147 3023 227 3088 viris
249 3027 404 3107 parceret.
449 3022 558 3088 Amici
585 3045 710 3108 quoque
735 3023 813 3086 data
834 3022 1072 3087 misericordiae

62 3112 231 3177 occasione
246 3114 445 3196 consurgunt
455 3111 632 3195 flentesque
646 3131 756 3195 regem
770 3111 989 3194 deprecantur.
1011 3110 1072 3174 Ille
1091 3121 1108 3170 8

61 3201 194 3265 silentio
221 3200 324 3279 facto,
352 3199 408 3264 ‘Et
434 3198 525 3283 ipse',
552 3201 671 3283 inquit,
699 3198 878 3283 ‘Amyntan
906 3221 979 3263 mea
1001 3221 1072 3263 sen-

59 3288 166 3353 tentia
192 3289 374 3372 fratresque
397 3289 464 3353 eius
492 3289 635 3353 absolvo.
685 3286 754 3353 Vos
782 3291 904 3369 autem,
931 3289 1072 3370 iuvenes,

60 3378 149 3442 malo
163 3377 313 3442 beneficii
331 3377 396 3441 mei
410 3376 567 3460 oblivisci,
586 3398 682 3460 quam
696 3377 832 3460 periculi
846 3377 947 3440 vestri
961 3375 1072 3439 memi-

58 3467 158 3531 nisse.
198 3465 323 3530 Iladem
341 3465 403 3530 fide
421 3465 525 3530 redite
543 3466 735 3549 ingratiam
758 3486 893 3545 mecum,
916 3485 980 3546 qna
1001 3464 1072 3543 ipse

59 3555 228 3621 vobiscum
245 3557 401 3621 revertor.
447 3551 535 3643 Nisi,
556 3575 641 3642 quae
659 3553 775 3620 delata
790 3557 920 3629 essent,
933 3547 1096 3606 excussus·
1108 3555 1134 3595 a
