2356 3846
257 181 512 238 HISTORIARUM
529 183 746 240 ALEXANDRI
763 183 816 255 IV,
835 191 860 243 b.
1026 188 1071 252 45

53 347 184 412 quoque
211 330 341 411 recepta
357 325 473 392 Chium
496 328 610 393 incolis
632 330 719 395 ultro
742 331 932 396 vocantibus
951 333 1071 396 statue·

54 419 133 479 rant
156 437 325 500 occupare:
359 416 415 480 sed
436 414 681 501 Pharnabazus,
708 416 806 483 Darei
828 423 972 503 praetor,
995 441 1070 485 con-

55 503 238 587 prehensis,
273 503 327 587 qui
359 525 411 568 res
444 504 486 567 ad
516 504 711 570 Macedonas
742 507 928 592 trahebant,
960 530 1069 573 rursus

55 591 246 675 Apollonidi
286 595 319 655 et
353 589 597 677 Athenagorae,
637 615 769 658 suarum
806 597 948 678 partium
984 597 1070 680 viris,

55 680 169 743 urbem
201 701 275 743 cum
306 679 431 744 modico
463 681 623 763 praesidio
653 682 792 746 militum
821 683 929 748 tradit.
973 682 1123 757 Prae-15

54 766 134 831 fecti
156 766 333 831 Alexandri
354 768 390 831 in
413 768 580 833 obsidione
603 770 691 834 urbis
714 772 978 855 perseverabant,
1002 794 1071 837 non

55 859 125 919 tam
155 855 221 920 suis
249 856 302 937 fisi
327 855 450 919 viribus
477 878 574 940 quam
602 857 759 942 ipsorum,
792 859 847 942 qui
880 860 1069 924 obsideban-

54 947 125 1026 tur,
156 944 331 1008 voluntate.
386 942 455 1008 Nec
487 944 603 1009 fefellit
633 946 752 1030 opinio.
808 945 956 1030 Namque
985 948 1070 1012 inter

54 1030 284 1115 Apollonidem
308 1034 341 1095 et
363 1031 460 1096 duces
483 1034 621 1097 militum
641 1038 713 1099 orta
732 1035 847 1100 seditio
865 1036 1070 1119 inrumpendi

36 1119 92 1182 .in
122 1120 235 1183 urbem
268 1119 469 1184 occasionem
496 1120 592 1186 dedit.
646 1120 790 1207 Cumque
817 1127 911 1207 porta
939 1124 1070 1188 effracta
1090 1146 1122 1195 1⁷

54 1206 172 1272 cohors
199 1206 413 1271 Macedonum
443 1209 610 1293 intrasset,
643 1211 798 1294 oppidani
829 1211 906 1275 olim
934 1212 1069 1277 oonsilio

54 1295 250 1378 proditionis
278 1295 403 1380 agitato
427 1296 607 1382 adgregant
630 1319 663 1363 se
686 1299 886 1382 Amphotero
909 1303 943 1363 et
963 1299 1069 1384 Hege-

54 1382 167 1448 locho:
190 1381 424 1468 Persarumque
446 1386 606 1469 praesidio
631 1407 724 1452 caeso
742 1386 972 1452 Pharnabazus
996 1410 1069 1452 eum
1089 1409 1122 1458 18

55 1469 252 1554 Apollonide
284 1475 317 1535 et
346 1471 559 1556 Athenagora
589 1475 690 1538 uincti
718 1474 905 1559 traduntur,
936 1494 986 1540 ΧΠ
1012 1476 1069 1539 tri-

55 1579 160 1624 remes
183 1580 256 1624 eum
279 1580 338 1624 suo
360 1560 462 1624 milite
486 1581 523 1624 ac
545 1562 675 1647 remige,
699 1567 828 1645 praeter
851 1581 904 1627 eas
928 1581 999 1627 xxx
1022 1565 1070 1628 in·

56 1667 135 1711 anes
165 1651 198 1712 et
228 1670 277 1708 se
306 1648 435 1731 piratici
461 1642 560 1713 lembi
588 1647 848 1734 Graecorumque
877 1669 916 1714 111
939 1652 1028 1716 milia
1050 1673 1070 1714 a

54 1733 163 1799 Persis
189 1736 335 1801 mercede
353 1735 530 1801 conducta.
580 1735 642 1800 His
669 1737 704 1801 in
732 1739 991 1821 supplementum
1018 1760 1069 1803 co-

55 1824 183 1906 piarum
210 1845 341 1890 suarum
364 1824 544 1889 distributis
566 1825 742 1909 piratisque
761 1826 917 1909 supplicio
935 1826 1069 1892 adfectis

55 1912 201 1995 captivos
224 1913 362 1997 remiges
385 1912 528 1976 adiecere
551 1913 647 1977 classi
670 1935 754 1982 suae.

10 2000 46 2066 24
145 1998 243 2065 Forte
257 1999 471 2084 Aristonicus,
493 2000 794 2084 Methymnaeorum
810 2005 977 2085 tyrannus,
996 2023 1070 2067 cum
1090 2024 1122 2073 19

55 2087 201 2171 piraticis
233 2089 369 2153 nauibus
396 2089 529 2174 ignarus
553 2090 710 2171 omnium,
740 2110 821 2173 quae
845 2091 929 2172 apud
953 2088 1070 2155 Chium

55 2179 258 2260 salamani,
285 2177 390 2259 prima
416 2176 528 2260 vigilia
556 2176 596 2239 ad
618 2181 731 2261 portus
754 2179 894 2241 claustra
917 2179 1070 2243 successit

55 2263 339 2349 interrogatusque
362 2286 381 2328 a
404 2264 603 2348 custodibus,
631 2265 702 2349 quis
726 2269 825 2344 esset,
848 2265 1069 2330 Aristonicum
1102 2331 1105 2336 .

55 2351 98 2416 ad
120 2349 367 2416 Pharnabazum
396 2353 505 2416 venire
527 2353 704 2436 respondit.
748 2352 801 2417 Illi
822 2351 1068 2418 Pharnabazum
1087 2375 1122 2424 ao

55 2440 186 2523 quidem
208 2441 274 2504 iam
297 2440 459 2524 quiescere
477 2443 509 2504 et
527 2462 593 2506 non
617 2461 711 2524 posse
728 2446 800 2506 tum
816 2441 905 2524 adiri,
928 2444 1069 2506 ceterum

55 2531 168 2612 patere
192 2529 279 2594 socio
303 2533 400 2612 atque
422 2528 543 2611 hospiti
560 2533 690 2612 portum
709 2533 741 2593 et
758 2533 889 2612 postero
904 2529 954 2593 die
968 2528 1068 2593 Phar·
1115 2573 1120 2582 -

54 2615 173 2680 nabazi
200 2616 327 2700 copiam
349 2617 418 2680 fore
442 2615 622 2681 adfirmant.
666 2615 736 2681 Nec
759 2617 919 2681 dubitavit
940 2616 1067 2681 Aristo·
1087 2639 1119 2687 21

55 2704 150 2769 nicus
173 2705 296 2788 primus
318 2704 449 2786 intrare,
472 2706 573 2768 secuti
596 2707 672 2768 sunt
691 2704 803 2768 ducem
821 2704 948 2788 piratici
962 2704 1069 2788 lembi,

56 2813 104 2873 ac,
127 2792 203 2856 dum
226 2792 390 2876 adplicant
412 2792 544 2877 navigia
566 2792 722 2874 crepidini
743 2795 866 2876 portus,
889 2791 1026 2856 obicitur
1049 2815 1069 2857 a
1152 2818 1153 2822 ¹

55 2880 210 2965 vigilibus
237 2882 413 2945 claustrum
445 2883 491 2962 et,
523 2880 578 2965 qui
609 2880 747 2964 proximi
779 2880 995 2965 excubabant,
1027 2881 1067 2945 ab

54 2968 160 3032 isdem
187 2969 376 3033 excitantur.
421 2966 520 3033 Nullo
552 2990 591 3033 ex
618 2969 657 3033 iis
686 2990 765 3032 auso
792 2988 973 3052 repugnare
1001 2990 1068 3033 om·

54 3056 152 3120 nibus
175 3061 307 3121 catenae
330 3057 468 3121 iniectae
492 3061 576 3142 sunt,
600 3055 800 3140 Amphotero
825 3055 939 3120 deinde
962 3054 1068 3140 Hege-

54 3144 213 3228 lochoque
239 3146 419 3210 traduntur.
464 3143 551 3209 Hinc
573 3145 765 3210 Macedones
789 3146 946 3208 transiere
968 3142 1067 3228 Mity-
1086 3165 1119 3216 22

53 3234 164 3315 lenen,
196 3255 292 3316 quam
315 3231 436 3298 Chares
459 3233 666 3298 Atheniensis
695 3253 799 3317 nuper
826 3235 1015 3315 occupatam
1041 3251 1068 3298 11

54 3321 180 3384 milium
209 3321 381 3397 Persarum
412 3321 571 3405 praesidio
602 3321 751 3386 tenebat:
788 3321 844 3386 sed
876 3343 949 3385 eum
982 3320 1067 3385 obsi·

55 3409 186 3473 dionem
213 3410 350 3474 tolerare
379 3431 447 3474 non
474 3414 597 3494 posset,
628 3410 707 3474 urbe
731 3410 854 3473 ¹tradita
876 3413 1003 3493 pactus,
1030 3412 1068 3472 ut

53 3497 209 3562 incolumi
235 3498 323 3565 abire
350 3498 476 3584 liceret,
506 3496 651 3563 Imbrum
678 3499 770 3583 petit
813 3495 945 3560 Deditis
961 3495 1072 3557 Maes-

53 3586 154 3649 donee
170 3591 396 3669 pepercerunt
