2356 3846
199 166 454 224 moronlnnon
471 167 687 225 maximnm
704 169 796 238 VIIII,
815 175 840 224 1.
859 176 884 227 6.
981 170 1047 234 243

31 315 90 379 aut
106 311 242 397 potest?
272 310 323 378 111
342 313 548 396 pervenimus
567 312 746 396 auspicium
761 316 858 397 atque
875 313 1047 397 imperium

30 401 138 467 secuti
168 403 276 485 tuum,
306 402 391 466 imde
421 401 487 466 nisi
518 403 551 465 11
581 401 697 466 reduce
728 401 812 466 nulli
841 401 882 466 ad
913 405 1047 486 penates

30 510 110 555 suos
135 489 201 554 iter
227 494 287 555 est
331 488 452 566 Quodsi
479 489 584 554 adhuc
610 489 649 553 de
676 489 818 554 Persidis
844 510 946 575 regno
975 501 1100 556 01111110

24 576 142 643 'Dareo
166 577 352 662 dimicares,
374 579 437 643 etsi
457 599 556 642 nemo
571 574 683 662 uellet,
704 581 816 642 tamen
834 600 874 643 ne
893 579 1048 644 admirari

31 666 165 751 quidem
186 669 312 751 posset,
334 670 403 731 tom
425 670 594 750 promptae
612 687 683 732 esse
701 670 735 732 11
758 667 799 730 ad
818 687 913 732 omne
936 667 1048 734 discri-

31 777 111 820 men
129 754 294 820 audaciae:
320 776 396 820 nam
414 755 471 820 ubi
489 755 582 839 paria
600 757 677 819 sunt
698 755 877 838 periculum
895 777 933 820 11
954 778 1047 840 prae-

31 844 152 927 mium,
170 847 204 908 et
221 843 367 909 secundis
386 843 483 908 rebus
498 843 636 927 amplior
653 842 778 908 fructus
792 849 842 908 est
856 847 889 909 et
903 844 1046 909 adversis

33 932 193 998 solacium
211 932 330 997 maius:
353 935 409 997 tuo
427 952 504 996 vero
524 933 629 1015 capite
652 931 828 1015 ignobilem
850 933 956 998 vicum
975 934 1047 1016 emi,
1067 946 1099 994 11

35 1021 110 1106 quis
127 1019 213 1086 ferat
229 1042 296 1086 non
313 1024 443 1086 tuorum
462 1012 558 1085 modo
573 1020 728 1101 militum,
751 1020 808 1085 sed
821 1021 922 1085 ullius
940 1022 1047 1106 gentis

33 1107 196 1175 barbarae
218 1108 311 1191 civis,
335 1109 390 1192 qui
407 1114 499 1174 tuam
518 1107 772 1194 magnitudinem
790 1109 902 1174 novit?
926 1109 1048 1175 Horret
1067 1121 1100 1171 11

34 1197 165 1263 animus
181 1197 427 1282 ’cogitationem
452 1198 513 1281 rei,
544 1218 643 1281 quam
669 1197 767 1281 paulo
796 1201 871 1262 11111
898 1197 1046 1264 vidimus.

33 1284 156 1371 Eloqui
167 1286 280 1370 timeo,
295 1285 409 1351 invicti
422 1285 567 1370 corporis
582 1285 688 1370 spolia
701 1285 915 1351 inertissimas
932 1307 1047 1351 manus

33 1374 137 1440 fuisse
168 1373 359 1458 iniecturos,
394 1374 459 1439 nisi
489 1378 523 1438 11
554 1374 770 1457 interceptum
802 1375 984 1440 misericors
1013 1375 1048 1441 in

33 1483 96 1528 nos
123 1461 256 1528 fortuna
284 1465 453 1530 servasset.
502 1461 651 1528 Totidem
683 1462 880 1547 proditores,
910 1463 1048 1529 totidem
1068 1476 1100 1525 1³

34 1551 218 1617 desertores
255 1572 380 1634 sumus,
416 1554 496 1636 quot
526 1555 560 1616 te
590 1572 658 1616 non
691 1550 856 1634 potuimus
887 1553 1048 1636 persequi.

34 1638 214 1706 Universos
241 1639 319 1705 licet
344 1639 468 1704 milites
495 1639 678 1724 ignominia
702 1643 811 1722 notes,
837 1660 933 1704 nemo
959 1661 1048 1705 recu·

35 1728 123 1794 ssbit
152 1728 244 1794 luere
275 1729 323 1808 id,
359 1728 445 1812 quod
474 1749 515 1792 ne
551 1727 751 1811 admitteret,
786 1730 951 1811 praestare
982 1749 1049 1793 non

33 1815 152 1901 potnit
186 1815 303 1882 Patere
324 1838 399 1898 nos,
422 1837 557 1900 quaeso,
579 1817 645 1881 1110
663 1815 759 1881 modo
781 1837 851 1881 esse
872 1816 954 1881 viles
976 1817 1048 1881 tibi.

35 1903 246 1990 Quocumque
280 1905 428 1988 iusseris,
469 1905 596 1970 ibimus.
655 1902 800 1969 Obscura
835 1905 978 1987 pericula
1014 1908 1048 1970 et
1068 1917 1102 1966 14

32 1993 199 2079 ignobiles
217 2012 346 2078 pugnas
364 1993 459 2057 nobis
477 1993 691 2077 deposcimus:
711 1995 812 2057 temet
828 1994 935 2076 ipsum
954 1993 995 2058 ad
1009 2015 1048 2059 11

33 2103 144 2165 emsa,
166 2103 251 2166 quae
272 2081 530 2167 magnitudinem
552 2085 642 2146 tuam
665 2081 806 2164 capiunt.
846 2079 920 2147 Cito
944 2083 1049 2166 gloria

33 2170 214 2238 obsolescit
230 2170 266 2234 in
285 2170 424 2236 sordidis
442 2169 593 2234 hostibus
611 2190 671 2234 nec
691 2171 864 2254 quicquam
881 2170 1048 2254 indignius

32 2263 85 2325 est
97 2280 198 2344 quom
218 2260 363 2324 consumi
378 2279 459 2341 11111,
476 2258 532 2322 ubi
546 2280 612 2323 non
624 2259 731 2342 possit
743 2257 892 2323 ostendi?
923 2258 1048 2324 Eodem
1068 2269 1101 2320 15

32 2347 103 2413 fere
117 2347 322 2413 Ptolemaeus
342 2349 375 2412 et
398 2346 520 2412 similia
540 2346 592 2410 his
610 2347 718 2411 ceteri.
752 2345 887 2430 Iamque
906 2346 1049 2412 confusis

30 2434 171 2501 vocibus
201 2435 318 2501 flentes
350 2456 423 2500 eum
455 2434 608 2517 orabant,
638 2437 676 2498 ut
705 2436 838 2499 tandem
870 2437 1048 2500 exsatiatus

31 2523 125 2589 laudi
151 2523 284 2588 modurn
310 2523 433 2589 faceret
460 2543 497 2587 11
520 2522 620 2587 saluti
643 2543 733 2606 suae,
761 2522 795 2586 id
818 2525 869 2586 est
891 2523 1049 2609 publicae,

10 2611 191 2695 iperceret.
235 2609 339 2677 Grata
365 2615 436 2676 erat
461 2611 533 2695 regi
563 2611 669 2694 pietas
697 2610 884 2675 amicorum.
933 2609 1047 2696 Itaque
1068 2623 1100 2672 16

32 2700 185 2786 singulos
208 2698 402 2765 familiarius
421 2700 587 2785 amplexus
607 2698 770 2764 considere
792 2699 891 2763 iubet
904 2734 914 2742 ν
926 2697 1048 2763 Altius·
1068 2712 1100 2761 17

32 2810 97 2874 que
115 2809 265 2854 sermone
283 2788 439 2873 repetito,
462 2787 577 2854 ‘Vobis
596 2786 745 2870 quidem',
767 2786 888 2870 inquit,
911 2785 942 2851 ‘o
960 2787 1049 2852 fidis·

33 2876 111 2943 simi
132 2876 338 2961 piissimique
360 2876 477 2942 civium
505 2879 601 2958 atque
628 2874 817 2958 amicorum,
846 2877 957 2960 grates
986 2897 1048 2960 ago

33 2963 206 3050 habeoque
233 2986 299 3031 non
323 2965 429 3030 solum
452 2984 489 3028 eo
511 2962 655 3047 nomine,
683 2962 768 3047 quod
791 2963 887 3028 hodie
910 2964 1049 3028 salutem

32 3074 142 3120 11111111
159 3056 289 3118 uestrae
312 3051 528 3137 praeponitis,
551 3049 607 3115 sed
625 3050 710 3135 quod
729 3074 749 3116 1
765 3051 952 3137 primordiis
970 3053 1050 3118 belli

33 3142 162 3208 nullum
187 3161 266 3226 erga
288 3163 340 3207 me
363 3139 601 3205 benivolentiae
625 3140 745 3224 pignus
768 3143 865 3224 atque
893 3140 1049 3206 indicium

33 3230 208 3314 omisistis,
245 3230 325 3296 adeo
357 3234 396 3294 ut
426 3227 643 3293 confitendum
681 3228 724 3292 sit
759 3249 934 3313 numquam
966 3229 1050 3293 mihi

32 3319 137 3384 vitam
158 3339 268 3384 meam
290 3318 392 3383 fuisse
413 3321 483 3382 tam
506 3338 627 3400 1111111,
655 3338 750 3400 quam
774 3338 844 3382 esse
867 3317 987 3402 coepit,
1011 3321 1049 3382 ut

32 3407 128 3473 vobis
151 3406 208 3473 diu
229 3406 294 3471 frui
316 3406 449 3492 possim.
490 3402 642 3470 Ceterum
664 3425 731 3469 non
752 3404 864 3470 eadem
887 3410 937 3469 est
959 3406 1046 3490 cogi·
1067 3416 1100 3466 18

30 3496 117 3561 11111
144 3516 270 3578 eorum,
297 3495 354 3579 qui
379 3515 441 3581 pro
469 3514 521 3559 me
548 3494 632 3560 mcri
660 3496 795 3579 optant,
820 3498 857 3558 et
878 3515 976 3570 mea,
996 3496 1056 3569 1111

26 3583 157 3663 quidem
181 3581 268 3647 111111
298 3583 562 3652 benivolentiam
594 3587 750 3654 cestram
767 3583 899 3648 11111111
915 3574 1086 3638 meruisse

873 3677 935 3734 is*
