2356 3846
118 165 184 231 216
493 163 526 232 Q.
544 163 656 221 CURTI
672 165 768 223 RUFI

64 323 99 373 22
117 310 187 377 Rex
214 310 366 394 Balacro,
398 311 453 395 qui
485 310 719 394 specularetur,
749 308 929 394 praemisso
960 311 1131 396 cognoscit

117 403 244 484 petram
262 398 341 483 fuga
358 397 513 464 Indorum
531 419 602 464 esse
621 397 791 464 desertam.
827 396 912 462 Tum
928 397 1006 463 dato
1026 399 1129 484 signo,

117 492 155 554 ut
176 487 319 553 universi
342 486 594 568 conclamarent,
615 486 818 569 inconposite
840 485 1042 572 higientibus
1064 509 1131 553 me

64 588 99 637 28
117 579 189 643 tum
211 575 363 643 incussit:
395 574 568 660 multique,
589 578 755 659 tamquam
778 574 906 642 adesset
926 574 1049 658 hostis,
1072 596 1132 660 per

117 664 242 729 lubrica
260 685 339 729 saxa
353 685 474 748 perque
488 662 593 729 invias
608 666 697 729 cotes
710 662 916 746 praecipitati
935 662 1132 746 occiderunt,

117 753 227 836 plures
256 752 363 836 aliqua
390 752 609 819 membrorum
640 754 732 834 parte
758 750 894 817 mulcati
919 752 963 819 ab
990 751 1131 836 integris

63 852 100 902 24
120 840 240 906 deserti
258 844 343 907 sunt.
378 838 449 907 Rex
466 840 611 905 locorum
629 839 733 923 magis
751 860 849 923 quam
866 839 1011 907 hostium
1026 839 1132 907 victor

117 934 229 994 tamen
262 948 400 1012 magnae
436 927 590 994 victoriae
619 929 745 1011 specum
776 925 943 993 sacrificiis
974 931 1011 993 et
1041 927 1131 994 cultu

119 1018 215 1082 deum
245 1017 332 1082 fecit.
385 1016 473 1082 Arae
506 1017 541 1080 in
570 1019 665 1100 petra
696 1016 820 1081 locatae
852 1020 928 1081 sunt
962 1014 1132 1088 Minervae

65 1116 100 1167 nt
118 1104 355 1188 Victoriaeque.
408 1104 553 1170 Ducibus
584 1105 723 1184 itineris,
754 1124 818 1188 quo
850 1103 960 1169 subire
988 1104 1133 1170 iusserat

119 1194 235 1259 leviter
262 1196 418 1276 armatos,
450 1193 511 1257 etsi
538 1193 708 1277 promissis
735 1192 863 1257 minora
888 1191 1133 1276 praestiterant,

119 1282 261 1367 pretium
284 1302 356 1346 eum
379 1278 441 1345 fide
463 1280 626 1347 redditum
649 1284 713 1365 est,
735 1283 847 1364 petrae
868 1280 1079 1366 regionisque
1101 1279 1132 1346 ei

121 1370 292 1436 adiunctae
315 1367 481 1435 Sisocosto
503 1369 608 1435 tutela
629 1369 798 1453 permissa.

536 1506 616 1574 Cas.
637 1508 712 1574 XII.

86 1645 101 1695 1
209 1632 287 1699 Inde
305 1634 464 1718 processit
480 1631 651 1698 Ecbolima
669 1634 710 1715 et,
728 1654 800 1699 cum
819 1633 987 1718 angustiae
1005 1632 1131 1699 itineris

121 1721 262 1789 obsideri
279 1740 328 1787 xx
346 1722 477 1787 milibus
501 1725 700 1786 armatorum
722 1722 763 1786 ab
781 1720 877 1787 Erice
898 1721 1042 1806 quodam
1061 1742 1131 1787 con·

120 1812 271 1894 perisset,
307 1810 438 1894 gravius
471 1827 588 1892 agmen
619 1809 779 1875 exercitus
810 1806 918 1873 Coeno
951 1808 1130 1876 ducendum

85 1898 256 1963 amodiois
279 1898 450 1963 itineribus
472 1896 616 1962 tradidit.
655 1895 729 1980 Ipse
751 1917 961 1984 praegressus
978 1917 1040 1980 per
1062 1897 1129 1962 fun·

120 1986 243 2052 ditores
258 2007 295 2051 ac
309 1985 499 2069 sagittarios
513 1984 702 2067 detrnbatis,
721 1985 776 2069 qui
790 1984 985 2050 obsederant
1002 1986 1131 2068 saltim,

85 2074 329 2158 ssequentibus
348 2095 382 2138 se
401 2073 503 2156 copiis
525 2072 611 2137 viam
628 2071 715 2138 feeit
754 2072 838 2155 Indi,
856 2073 924 2138 sive
944 2071 1021 2138 odio
1041 2073 1129 2138 dude

121 2163 189 2226 sive
216 2161 354 2246 gratiam
379 2161 511 2226 victoris
533 2160 660 2243 inituri,
684 2158 801 2225 Ericen
822 2160 1002 2246 fugientem
1025 2159 1129 2226 adorti

120 2251 354 2314 interemerunt
384 2252 543 2332 caputque
574 2249 642 2313 eius
675 2251 772 2332 atque
804 2270 894 2314 arma
923 2248 965 2313 ad
992 2246 1129 2315 Alexan·

121 2338 214 2402 drunr
237 2337 430 2403 detulerunt.
474 2335 535 2401 Ille
557 2335 645 2402 facto
667 2335 886 2419 inpunitatem
908 2335 1009 2421 dedit,
1034 2337 1129 2403 hono·

120 2445 190 2491 rem
217 2424 388 2510 denegavit
410 2423 566 2507 exemplo.

85 2525 104 2576 4
209 2513 294 2580 Hinc
317 2511 358 2578 ad
380 2511 499 2579 flumen
520 2511 637 2577 Indum
659 2511 903 2578 sextisdecumis
926 2512 1044 2579 castris
1061 2523 1163 2597 per-42

121 2604 210 2670 venit
233 2602 420 2686 omniaque,
442 2605 480 2667 ut
501 2603 718 2685 praeceperat,
741 2600 783 2665 ad
804 2599 1019 2667 traiciendum
1041 2621 1128 2687 prae·

86 2695 237 2775 oparata
268 2690 310 2755 ab
341 2688 586 2774 Hephaestione
616 2688 769 2773 repperit
821 2686 997 2772 Regnabat
1028 2690 1064 2757 in
1093 2708 1129 2755 es

120 2780 253 2863 regione
281 2774 431 2861 Omphis,
463 2776 519 2861 qui
545 2777 633 2860 patri
659 2797 786 2862 quoque
811 2775 918 2842 fuerat
945 2780 1061 2843 auctor
1082 2775 1129 2843 de·

121 2865 218 2930 dendi
238 2884 376 2949 regnum
398 2862 584 2929 Alexandro
607 2868 641 2929 et
662 2868 738 2947 post
759 2869 899 2930 mortem
920 2866 1070 2948 parentis
1090 2865 1129 2930 le·

122 2955 218 3037 gatos
237 2952 381 3036 miserat,
399 2952 455 3035 qui
473 2950 679 3017 consulerent
697 2973 779 3036 eum,
796 2973 933 3040 regnare
950 2975 986 3019 se
999 2953 1130 3020 interim

85 3050 104 3101 c
122 3039 222 3104 vellet
239 3061 283 3106 an
300 3040 465 3124 privatum
485 3038 628 3123 opperiri
645 3039 715 3106 eius
734 3041 916 3108 adventum.
955 3038 1130 3109 Permissu-

122 3148 197 3212 qus,
233 3131 270 3192 ut
305 3128 472 3213 regnaret,
505 3148 573 3194 non
607 3131 719 3195 tamen
749 3129 801 3194 ius
833 3129 946 3197 datum
977 3148 1133 3215 usurpem

122 3213 286 3282 sustinuit
320 3215 354 3282 Is
371 3215 512 3299 benigne
524 3215 654 3301 quidem
667 3223 838 3302 exceperat
850 3216 1133 3303 Hephaestionem,

123 3303 301 3390 gratuitum
319 3303 520 3369 frumentum
537 3305 640 3389 copiis
658 3305 727 3371 eius
745 3304 928 3390 admensus,
945 3326 1012 3373 non
1025 3309 1133 3375 tamen

123 3392 154 3459 ei
181 3395 378 3475 occurrerat,
404 3411 445 3459 ne
472 3392 569 3458 fidem
595 3392 694 3459 ullius
720 3392 787 3459 nisi
813 3394 903 3479 regis
925 3395 1135 3479 experiretns.

79 3479 235 3569 ⁷Itaque
259 3478 404 3549 venienti
427 3479 559 3548 obuiam
580 3501 653 3549 cum
673 3485 801 3547 armato
824 3482 968 3548 exucitu
985 3501 1135 3571 egressas

103 3575 172 3658 est,
200 3571 379 3663 elephanti
409 3591 543 3662 quoque
567 3591 628 3656 per
654 3568 788 3634 modica
806 3567 982 3633 interualla
996 3571 1137 3637 muna
