2370 3834
120 110 187 214 212'
493 146 758 214 concussor

121 293 284 376 collesque
310 291 521 375 resonabant,
548 313 621 356 cum
649 295 722 356 orta
744 292 879 358 licentia
902 313 922 357 a
944 293 1071 378 paucis,
1099 297 1139 358 ut

70 395 101 445 17
121 381 188 446 fere
210 381 257 463 fit,
279 380 313 444 in
335 399 447 445 omnes
470 401 505 445 se
528 382 660 462 repente
682 379 858 463 vulgasset.
899 377 1026 465 Quippe
1045 381 1138 447 velut

121 470 155 533 in
177 466 282 533 media
304 489 384 552 paca
406 489 463 552 per
485 467 604 533 herbas
626 467 858 553 adgestamque
885 469 1035 534 frondem
1061 491 1138 553 pro·

121 560 264 622 stravere
282 578 427 640 corpora.
461 556 506 622 Et
523 577 579 621 rex
596 555 766 623 fortuitam
783 557 942 621 laetitiam
960 578 1026 622 non
1044 579 1138 623 aver·

122 649 212 710 satus
241 645 332 729 large
359 644 400 710 ad
429 645 541 728 epulas
569 644 718 710 omnibu·
746 644 904 728 praebitis
930 666 990 729 per
1016 664 1041 711 x
1065 646 1137 712 dies

70 746 103 795 18
122 732 240 798 Libero
263 732 354 798 Patri
377 735 545 816 operatum
567 732 683 798 habuit
705 734 889 798 exercitum.
934 732 1014 810 Quis
1037 739 1138 819 neget

121 822 274 886 eximiam
297 842 424 905 quoque
447 822 586 905 gloriam
613 820 743 904 saepius
769 820 920 887 fortunae
947 842 1044 905 quarn
1072 823 1137 887 vir-

120 909 203 976 tutis
226 931 296 974 esse
318 909 534 975 beneficium?
557 910 677 995 quippe
699 931 740 974 ne
763 910 930 993 epulantes
954 909 1085 993 quidem
1104 914 1139 975 et

122 999 247 1083 sopitos
278 1019 369 1072 mero
402 997 535 1082 adgredi
567 1020 664 1064 ausus
693 1001 743 1063 est
773 997 892 1080 hostis,
923 997 1011 1063 baud
1042 1020 1136 1063 aecus

121 1087 349 1152 bacchantium
371 1086 630 1170 ululantiumque
650 1085 782 1151 fremitu
806 1087 1011 1170 perterritus,
1037 1109 1138 1170 quam

123 1176 651 1329 sblgoelianffiumriiffltmrteessdi
669 1174 807 1327 aziditus.
829 1172 976 1328 'Eadem
994 1173 1138 1329 felicittgs

123 1287 143 1328 a
208 1284 307 1328 ceano
326 1285 400 1328 reve
452 1284 524 1327 nes
576 1284 609 1327 m
646 1283 687 1328 en
702 1284 739 1328 os
754 1284 915 1328 comissan
931 1283 1028 1347 esque
1047 1284 1086 1327 m
1122 1285 1140 1328 r

123 1374 181 1417 ora
202 1352 346 1416 hostium
369 1352 460 1415 texit

71 1453 103 1502 19
210 1439 296 1504 Hinc
328 1439 368 1504 ad
393 1440 574 1524 regionem,
606 1461 688 1525 quae
714 1439 860 1504 Daedala
886 1442 1033 1523 vocatur,
1062 1461 1139 1524 per·
1151 1446 1179 1511 3¹

122 1531 255 1594 ventum
278 1531 337 1593 est.
373 1527 593 1593 'Deseruerant
610 1527 738 1593 incolae
757 1527 848 1592 sedes
868 1529 955 1593 etin
973 1528 1063 1592 avios
1084 1529 1140 1593 sil-

121 1621 310 1700 vestrosque
328 1620 454 1682 montes
473 1615 695 1700 confugerant.
739 1615 829 1699 Ergo
848 1615 990 1681 Acadira
1014 1616 1141 1682 transit

69 1717 104 1766 ae
123 1726 221 1789 aeque
240 1708 314 1770 ueta
332 1710 366 1769 et
383 1704 539 1770 destituta
557 1703 766 1769 incolentium
784 1704 873 1788 fuga.
904 1703 1018 1788 ltaque
1036 1705 1139 1770 ratio·

121 1815 196 1858 nem
229 1792 309 1857 belli
344 1793 521 1859 necessitas
557 1793 705 1858 mutavit.
758 1791 881 1857 Divisis
914 1792 1001 1861 enim
1031 1793 1139 1876 copiis

121 1882 267 1966 pluribus
296 1882 392 1945 simul
418 1882 499 1946 locis
527 1902 617 1946 arma
640 1880 796 1964 ostendit,
822 1880 1048 1964 oppressique,
1079 1881 1140 1947 ubi

111 1977 188 2036 'uon
210 1971 459 2054 expectaverant
481 1968 622 2052 hostem,
641 1969 730 2034 omni
748 1968 838 2033 clade
856 1968 1031 2052 perdomiti
1049 1974 1140 2037 eunt.

36 2078 43 2090 ¹
69 2071 101 2118 21
121 2056 326 2122 Ptolemaeus
347 2058 505 2141 plurimas
523 2057 632 2138 urbes,
655 2055 840 2123 Alexander
858 2058 1016 2121 maximas
1036 2059 1140 2141 oepit:

70 2158 102 2206 aa
121 2167 311 2229 rursusque,
334 2166 413 2228 quas
436 2144 660 2227 distribuerat,
681 2145 792 2230 copias
815 2144 930 2210 iunxit.
976 2143 1139 2229 Superato

122 2234 234 2298 deinde
258 2230 405 2316 Choaspe
429 2252 523 2297 amne
542 2229 674 2297 Coenon
694 2233 729 2297 in
753 2232 921 2298 obsidione
943 2232 1033 2298 urbis
1057 2256 1138 2319 opu·

121 2323 229 2385 lentae
251 2356 287 2367 -
308 2320 406 2384 Beira
422 2320 547 2384 incolae
565 2318 684 2385 vocant
698 2357 739 2368 -
754 2321 898 2406 reliquit:
916 2321 987 2405 ipse
1005 2319 1045 2385 ad
1064 2321 1137 2387 Ma-

121 2429 219 2493 zagas
251 2409 348 2473 venit.
392 2407 505 2492 Nuper
531 2407 711 2492 Assacano,
739 2409 828 2474 cuius
855 2430 991 2495 regnum
1013 2409 1139 2495 tuerat,

123 2497 291 2562 demortuo
310 2497 437 2581 regioni
451 2497 587 2580 urbique
601 2501 750 2580 praeerat
766 2500 871 2563 mater
889 2499 957 2563 aius
972 2494 1139 2582 Cleophis.

69 2599 104 2646 aa
122 2604 259 2651 xxxvm
277 2586 369 2649 milia
385 2585 530 2669 peditum
543 2586 721 2651 tuebantur
733 2585 846 2650 urbem
858 2607 927 2651 non
940 2586 1006 2651 situ
1019 2587 1139 2673 solum,

122 2674 179 2739 sed
197 2676 298 2738 etiarn
315 2694 414 2758 opere
431 2674 598 2739 munitam.
637 2672 724 2739 Nam
743 2694 807 2757 qua
824 2678 950 2758 spectat
968 2674 1138 2759 orientem,

122 2763 264 2845 cingitur
287 2783 381 2826 amne
404 2762 556 2845 torrenti,
584 2761 639 2847 qui
661 2762 845 2846 praeruptis
868 2763 1031 2847 utrimque
1054 2764 1136 2848 ripis

70 2862 105 2910 24
124 2851 248 2915 editum
272 2850 313 2914 ad
336 2850 449 2914 urbem
470 2849 604 2933 inpedit
647 2848 699 2914 Ad
723 2849 921 2915 occidentem
941 2854 975 2915 et
997 2873 1017 2916 a
1040 2852 1137 2918 meri-

123 2938 174 3003 die
197 2939 285 3003 velut
308 2939 347 3003 de
365 2938 524 3003 industria
542 2959 639 3022 rupes
657 2939 821 3022 praealtas
841 2939 1000 3004 obmolita
1017 2944 1137 3007 natura

122 3030 186 3108 est,
212 3026 298 3092 infra
321 3049 401 3111 quas
422 3048 579 3092 cavernae
602 3029 636 3091 et
658 3027 829 3112 voragines
851 3028 951 3113 longa
972 3031 1136 3095 vetustate

123 3115 158 3180 in
176 3116 278 3180 altum
298 3118 431 3181 cavatae
448 3115 564 3198 iacent,
587 3136 711 3199 quaque
735 3115 895 3200 desinunt,
917 3116 1007 3182 fossa
1024 3118 1137 3202 ingen·

70 3214 103 3264 ao
121 3202 166 3268 tis
194 3205 301 3286 operis
329 3203 457 3269 obiecta
483 3208 541 3268 est.
586 3221 682 3268 xxxv
710 3203 852 3268 stadium
879 3225 990 3270 murus
1019 3206 1135 3271 urbem

123 3293 350 3377 conpleot'tur,
377 3293 467 3358 cuius
495 3293 563 3377 ima
589 3313 681 3375 saxo,
714 3293 881 3376 superiora
907 3293 1005 3359 crudo
1031 3294 1136 3360 latere

123 3385 200 3445 sunt
217 3384 351 3446 structa
386 3380 497 3445 Lateri
515 3380 679 3446 vinculum
697 3380 823 3464 lapides
837 3384 921 3465 sunt,
940 3403 1022 3466 quos
1036 3381 1136 3448 intor-

103 3487 261 3547 posuere,
283 3472 320 3533 ut
337 3468 461 3536 duriori
480 3469 636 3536 materiae
649 3469 779 3554 fragilis
797 3470 1008 3555 incumberet,
1025 3471 1136 3536 simul-

38 3554 74 3594 *a
91 3570 161 3628 que
176 3558 270 3624 terra
282 3557 432 3629 humore
447 3560 565 3630 diluta.
595 3558 650 3630 hle
667 3562 785 3627 tamen
793 3558 947 3624 universa
957 3559 1138 3625 consideret
