2356 3846
247 153 502 215 msuouuuuu
520 154 737 214 munuum
755 159 796 227 V,
815 165 857 215 13.
1007 161 1070 224 111

56 302 97 368 ud
121 322 218 386 quem
240 306 455 368 monstratum
474 302 623 386 aperitis
640 301 845 385 Polystratus
862 302 997 370 Muoedo
1017 305 1072 370 sili

56 394 238 455 maceratus
259 391 408 456 accessit:
432 411 470 455 ec
493 391 569 455 dum
587 391 680 476 galee
697 391 849 455 haustum
867 412 984 476 uquam
1004 413 1071 457 sor·

57 479 125 562 bet,
161 480 228 543 tale
257 479 475 543 iumentorum
506 478 723 543 deficientium
753 479 942 563 corporibus
972 480 1072 544 infixa

57 567 232 650 conspexit
276 565 489 650 Miratusque,
519 566 671 632 confessu
695 567 804 650 potius
832 574 930 651 quum
957 569 1072 634 abacta,
1089 588 1124 639 25

57 674 142 738 esse,
174 654 320 719 semivivi
345 654 486 719 homiues
506 656 654 738 qemitum
670 656 810 736 pucqeit
855 656 966 737 Itaque
988 676 1073 722 more

56 743 174 825 iuqeuii
201 741 333 806 lumom'
360 741 489 824 cupidum
517 743 648 825 uisendi,
678 744 756 824 quid
780 744 826 808 cei
851 743 984 809 colliculo
1010 746 1071 810 isto

56 831 242 913 conderetm,
259 831 383 896 uuum
394 829 534 913 podibus,
552 830 661 912 quillus
678 831 824 896 obtectum
836 837 911 915 erat,
928 831 1072 896 Dareum

56 919 164 984 multis
182 918 359 983 uulnerum
375 918 547 999 confossum
563 920 704 1000 repperit.
738 917 854 1001 Reqius
872 921 954 984 euim
971 920 1072 985 cultus

56 1011 86 1070 et
106 1025 220 1071 omme
240 1010 370 1089 emesae,
390 1008 462 1088 quis
482 1025 505 1070 a
520 1007 693 1088 paudus
714 1008 832 1072 uuus
848 1007 961 1090 fuerat,
983 1007 1071 1072 dubi·

57 1095 204 1159 tattouem
233 1093 410 1159 estimabant.
454 1094 530 1160 Nou
559 1099 627 1160 erat
651 1113 757 1177 cupere
784 1093 897 1160 Graeci
921 1096 1072 1160 sumouis

56 1180 183 1247 Darou
199 1183 379 1264 -qratiasque
399 1182 508 1265 aqelat
527 1182 589 1260 dis,
610 1184 666 1263 qui
681 1187 755 1264 uest
775 1187 864 1247 tauta
886 1183 971 1247 mala
991 1188 1071 1246 tam-

56 1289 114 1351 que
132 1271 245 1352 quauta
263 1269 319 1335 mc
341 1275 444 1335 tumeu
464 1271 664 1336 mdulsisseut
685 1270 805 1354 solacii,
827 1291 866 1335 ue
887 1271 1012 1336 omuiuo
1034 1271 1071 1335 iu

55 1358 221 1422 sutuume
242 1362 409 1423 extrusum
429 1358 575 1440 spiritum
597 1357 771 1437 effunderet.
813 1356 931 1440 ‘Itaque
953 1357 1000 1441 u,
1021 1359 1071 1423 iu-

56 1447 136 1526 quit,
167 1444 316 1528 ‘quisquis
340 1465 372 1511 es
393 1446 586 1529 mortalium,
611 1465 670 1527 per
695 1465 884 1512 mmumuem
911 1445 1071 1511 lominum

56 1537 220 1616 sortem-u
240 1553 304 1616 quu
321 1552 378 1599 uec
398 1535 551 1598 mouimus
571 1553 676 1615 requm
695 1538 823 1600 ememtes
840 1553 901 1599 esse
912 1535 1072 1615 praesenti

60 1621 229 1703 speltam
254 1623 400 1703 mouuis,
432 1641 505 1704 roqo
531 1641 711 1704 quaesoque,
741 1625 779 1686 ut
807 1621 879 1686 hacc
907 1623 951 1685 ud
975 1622 1070 1686 Alcu-

57 1709 194 1773 audrum
214 1708 364 1774 claudula
385 1726 454 1774 meu
469 1710 627 1791 perferas:
648 1707 731 1774 uileil
752 1728 865 1792 eorum,
886 1728 964 1792 quoe
985 1710 1071 1792 louqe

58 1797 238 1862 tristissima
257 1815 420 1879 perpessus
445 1817 527 1880 mm,
562 1815 601 1861 ue
626 1796 707 1861 lumc
734 1797 856 1878 quidem
877 1798 1070 1878 iucomqara

58 1883 128 1950 uus
160 1885 348 1950 calamitatis
377 1885 492 1949 editum
522 1886 569 1949 ita
591 1904 717 1967 qcaoem
742 1883 821 1948 milei
847 1885 1003 1967 accidisse,
1035 1889 1072 1948 ut

57 1971 111 2037 luc
137 1992 248 2055 mauu,
277 1973 359 2054 quod
376 1977 449 2054 post
475 1976 563 2036 tauta
588 1973 625 2036 iu
650 1992 698 2036 me
724 1991 862 2054 meosque
883 1973 994 2036 meida
1015 1973 1070 2035 od·

58 2079 162 2125 uersus
183 2060 449 2126 clementissimum
482 2061 624 2125 uictorem
657 2060 784 2124 iuimico
816 2060 978 2124 uioeudum
1006 2059 1073 2140 fuit

58 2153 86 2212 et
106 2167 191 2212 uuuc
211 2149 333 2230 iuquato
355 2149 547 2212 mom'eudum
568 2152 619 2213 est.
653 2146 716 2213 Sed
727 2148 814 2213 -si
830 2167 893 2229 qua
905 2149 1072 2229 postremis

58 2237 241 2300 miserorum
266 2237 343 2300 uotis
368 2237 454 2317 aqud
478 2237 547 2301 deos
572 2236 620 2311 uis
646 2239 690 2301 est
715 2240 838 2300 etcum
863 2237 929 2316 ipso
956 2236 1071 2317 spiritu

52 2323 203 2405 profusas
227 2343 333 2404 preces
362 2324 469 2387 mitius
500 2323 626 2405 aliquod
654 2342 768 2388 umueu
799 2323 925 2388 euaudit
953 2357 991 2368 —
1018 2323 1072 2388 ille

56 2411 179 2492 quidem
213 2429 313 2492 sospes
347 2415 376 2475 et
405 2410 567 2475 incolumis
599 2411 740 2493 louqeque
769 2429 865 2492 suma
896 2411 1072 2492 coutaqium

57 2518 142 2562 uscue
171 2499 265 2564 sortis
294 2502 324 2562 et
352 2499 504 2562 iuvidiam
528 2497 673 2577 factumue
693 2497 815 2579 positus
841 2499 876 2562 iu
898 2497 974 2562 solio
996 2496 1072 2579 (duri

53 2587 224 2668 qlouiosum
253 2589 383 2650 aetatem
413 2586 516 2667 euiqat
544 2604 674 2666 suaeque
703 2585 826 2649 uirtutis
856 2603 971 2648 memor
1002 2604 1072 2648 eum

56 2675 155 2738 mutui
177 2674 337 2754 literisque
357 2674 432 2737 meis
455 2673 554 2737 locum
574 2673 659 2753 apud
678 2691 710 2736 se
731 2691 792 2736 esse
807 2673 960 2754 patiatur,
981 2691 1072 2753 quem

55 2763 107 2828 illi
129 2762 189 2842 fide
211 2767 240 2826 et
261 2761 398 2842 obsequio
419 2760 593 2825 meuueuiut.
635 2759 682 2823 At
696 2760 875 2840 parmeidas
890 2764 1071 2841 promptum

54 2850 186 2916 exitium
212 2853 424 2930 consequatur,
454 2849 537 2929 quod
561 2847 739 2912 Aleuuudeu
759 2847 926 2930 iuroqalit,
956 2848 986 2913 si
1006 2867 1071 2913 uou

54 2938 269 3004 misericordia
290 2936 424 3017 iufelicis
445 2934 548 3017 lestis,
569 2936 679 3000 saltem
696 2935 764 3000 odio
780 2935 965 3015 faciundum,
986 2940 1016 3000 et
1031 2955 1072 3002 ue

54 3027 204 3108 impunita
224 3026 261 3090 iu
280 3025 415 3090 aliorum
432 3024 525 3088 etiam
541 3043 647 3105 cequm
663 3042 810 3106 suumque
826 3025 925 3105 ipsius
936 3024 1071 3088 esitium

55 3111 246 3196 ericumaut!
297 3111 373 3178 Post
396 3110 484 3194 leaeo,
510 3130 579 3176 cum
605 3111 659 3176 siti
684 3116 857 3194 auqeretuu,
883 3111 991 3176 adata
1011 3132 1072 3192 per

55 3201 269 3284 Polystratum
295 3219 378 3282 aqum
409 3203 572 3280 remeatus,
605 3197 732 3279 ‘Erqo’,
763 3201 823 3282 ait,
852 3198 946 3263 ‘leam
976 3200 1071 3263 etium

56 3292 154 3355 tantis
181 3288 407 3354 calamitatibus
428 3292 594 3352 extremam
615 3286 750 3350 ucccdme
771 3289 917 3369 oportuit,
942 3291 979 3350 ut
1000 3287 1071 3350 leue

55 3379 166 3443 uuuito
184 3377 322 3459 qratiam
343 3375 456 3456 referre
477 3395 540 3438 uou
556 3375 689 3455 possim:
712 3379 747 3437 at
763 3373 1072 3457 referetAleuuuder,

55 3467 239 3531 Aleuaudro
264 3484 332 3528 uero
358 3461 415 3529 di'
460 3461 613 3526 Dextram
639 3462 745 3526 deiude
768 3462 926 3543 protendit
946 3481 1071 3540 eamque
1164 3511 1172 3519 .

54 3554 239 3620 Alouandro
265 3552 342 3633 fidei
371 3551 471 3636 reqicu
498 3551 615 3636 omum
645 3549 727 3632 fessi
755 3549 867 3616 umus
893 3547 1094 3628 usuum·
