2356 3846
126 133 189 198 182
495 132 527 200 Q.
546 131 656 188 OURTI
673 130 760 187 RUFI

74 290 106 340 12
124 298 184 344 nos
204 300 224 343 a
244 277 337 342 vobis
356 265 551 342 convertam.
590 275 776 341 Praemium
794 276 857 340 erit
874 275 916 360 ei,
935 276 992 360 qui
1008 262 1135 360 primus

127 365 331 449 occupaverit
357 365 525 448 verticem,
557 364 683 430 talenta
704 382 743 448 x,
769 385 834 429 uno
857 364 964 428 minus
988 364 1136 448 accipiet,

79 508 81 512 Α
127 454 182 536 qui
203 453 366 536 proximus
389 454 419 518 ei
441 453 573 535 venerit,
597 452 770 535 eademque
794 450 834 516 ad
856 452 965 517 decem
987 452 1135 533 homines

127 540 309 605 servabitur
331 541 449 624 portio.
494 540 626 606 Certum
644 543 752 605 autem
773 540 877 606 habeo
896 561 955 605 vos
977 545 1135 605 nontam

75 641 108 691 13
126 628 357 693 liberalitatem
383 629 504 694 intueri
530 650 649 712 meam,
680 649 777 711 quam
803 627 1024 694 volunuten’
1074 628 1175 694 Hisll

127 716 244 779 animis
262 737 372 800 regem
392 718 571 800 audierunt,
592 720 629 781 ut
650 716 716 780 iam
734 716 859 800 cepisse
876 717 1031 781 verticem
1050 716 1136 781 vide·

126 807 250 868 rentur:
273 804 460 888 dimissique
481 805 603 870 ferreos
621 825 748 887 cuneos,
766 825 851 888 quos
873 804 958 868 inter
980 825 1060 869 saxa
1083 804 1136 869 de-

75 904 109 954 14
126 890 277 976 figerent,
295 893 483 976 validosque
501 893 592 957 funes
610 892 780 977 parabant
815 890 884 955 Rex
903 892 1136 958 circumvectus

126 983 262 1062 petram,
285 1003 350 1063 qua
372 982 504 1045 minime
528 1002 622 1064 asper
645 1001 682 1044 ac
704 982 896 1063 praeruptus
920 980 1027 1045 aditus
1048 980 1136 1046 vide·

116 1067 236 1150 batur,
269 1069 407 1133 secunda
434 1069 560 1153 vigilia,
592 1067 678 1152 quod
709 1068 791 1131 bene
822 1070 976 1149 verteret,
1007 1068 1137 1151 ingredi

128 1155 227 1220 iubet
262 1154 318 1218 Illi
337 1156 501 1221 alimentis
523 1157 558 1220 in
579 1154 713 1220 biduum
736 1156 874 1238 sumptis
897 1154 1016 1240 gladiis
1038 1156 1136 1220 modo

74 1255 108 1306 15
128 1245 224 1326 atque
245 1243 351 1308 hastis
370 1245 487 1308 armati
510 1244 618 1308 subire
637 1245 821 1327 coeperunt.
856 1241 906 1307 Ac
922 1243 1028 1326 primo
1047 1244 1137 1326 pedi-

51 1329 53 1333 '
127 1330 188 1394 bus
215 1331 354 1414 ingressi
378 1335 464 1397 sunt:
492 1332 605 1396 deinde
627 1335 665 1396 ut
690 1331 725 1394 in
747 1334 922 1414 praerupta
944 1336 1138 1414 perventum

127 1421 191 1502 est,
221 1418 279 1481 alii
309 1419 459 1484 manibus
491 1420 667 1485 eminentia
698 1440 777 1483 saxa
808 1419 956 1502 conplexi
987 1419 1137 1484 levavere

127 1509 242 1588 semet,
275 1505 332 1570 alii
360 1506 492 1572 adiectis
520 1508 644 1571 funium
671 1506 794 1590 laqueis
822 1525 965 1584 evasere,
994 1506 1137 1590 quidam,

126 1614 199 1658 cum
229 1615 345 1659 cuneos
374 1596 459 1659 inter
482 1617 560 1660 saxa
583 1595 759 1677 defigerent
780 1599 817 1658 ut
837 1592 969 1679 gadas,
1000 1595 1136 1660 subinde

127 1682 200 1766 quis
222 1682 418 1747 insisterent.
464 1682 561 1747 Diem
578 1682 663 1746 iuter
685 1685 807 1746 metum
829 1682 1039 1765 laboremque
1063 1704 1136 1749 con·

75 1785 108 1832 16
127 1773 342 1853 sumpserunt.
390 1770 454 1835 Per
484 1792 599 1854 aspera
629 1770 711 1834 nisis
742 1770 874 1834 duriora
903 1770 1073 1836 restabant
1104 1775 1137 1836 et

127 1878 269 1922 crescere
297 1857 434 1923 altitudo
461 1863 574 1941 petrae
596 1858 775 1923 videbatur.
817 1856 881 1921 Illa
902 1877 979 1921 vero
1002 1858 1135 1924 misera

126 1944 203 2008 bilis
221 1948 292 2010 erat
309 1945 422 2030 facies,
444 1968 517 2011 cum
534 1947 572 2030 ii,
595 1967 674 2030 quos
692 1945 856 2009 instabilis
875 1944 995 2028 medus
1013 1945 1136 2011 fefelle

122 2029 191 2115 rat,
222 2055 261 2097 ex
291 2034 461 2116 praecipiti
493 2033 752 2099 devolverentur:
788 2054 863 2097 mox
895 2032 1008 2098 eadem
1038 2035 1074 2099 in
1101 2055 1136 2100 se

75 2133 108 2182 1'1
126 2119 280 2202 patienda
303 2121 400 2184 alieni
422 2142 515 2186 casus
539 2121 729 2186 ostendebat
752 2121 941 2204 exemplum.
985 2121 1049 2187 Per
1074 2122 1136 2187 has

126 2210 236 2283 tamen
259 2207 466 2273 difficultates
491 2209 657 2273 enituntur
679 2209 714 2272 in
735 2208 890 2273 verticem
912 2209 1049 2294 montis,
1070 2230 1137 2276 om·

126 2316 184 2359 nes
202 2294 395 2379 fatigatione
414 2296 594 2362 continuati
612 2296 734 2362 laboris
754 2295 882 2379 adfecti,
904 2296 1036 2380 quidam
1054 2299 1137 2364 mul·

128 2383 192 2447 cati
213 2386 307 2466 parte
330 2384 561 2469 membrorum,
583 2385 765 2467 pariterque
789 2405 844 2449 eos
867 2387 899 2447 et
917 2406 982 2450 nox
1001 2389 1035 2450 et
1053 2407 1136 2452 som·

75 2481 109 2533 18
126 2492 188 2536 nus
216 2472 386 2554 oppressit.
431 2469 549 2536 Stratis
570 2472 694 2556 passim
715 2471 902 2554 corporibus
925 2472 960 2536 in
982 2472 1080 2538 inviis
1104 2476 1137 2538 et

127 2560 251 2643 asperis
270 2581 421 2624 saxorum
438 2560 574 2644 periculi
591 2559 743 2624 instantis
757 2560 854 2638 obliti
871 2559 906 2624 in
924 2560 1029 2625 lucem
1048 2562 1136 2646 quie·

126 2652 254 2712 verunt:
277 2647 482 2732 tandemque,
504 2650 595 2714 velut
618 2670 657 2713 ex
680 2647 748 2712 alto
770 2668 886 2730 sopore
909 2649 1056 2733 excitati,
1085 2671 1136 2716 oe·

127 2735 231 2800 cultas
263 2736 486 2820 subiectasque
512 2736 593 2819 ipsis
620 2736 722 2837 valles
748 2735 917 2838 rimantes,
949 2737 1071 2821 ignari,
1103 2738 1136 2804 in

75 2920 109 2969 19
127 2826 475 2993 idldrudrarsbdsodeidfada
491 2823 1136 2993 lebnipisodlsevcllbstillirmnodblidlrirbtmfixl

128 3016 191 3079 quo
214 2997 426 3080 intellectum,
448 2997 541 3062 illam
563 2997 706 3063 hostium
727 2999 887 3064 latebram
905 3021 985 3066 esse.
1019 3002 1135 3088 Itaque

126 3082 230 3147 hastis
249 3084 428 3168 inposuere,
447 3085 532 3169 quod
549 3089 749 3168 convenerat,
767 3087 906 3172 signum.
946 3089 1098 3176 Totoque
1118 3111 1136 3155 e

37 3248 42 3253 ¹
75 3183 110 3235 ao
127 3191 261 3234 numero
279 3190 305 3234 11
319 3175 352 3235 et
364 3190 437 3236 xxx
455 3174 491 3237 in
508 3192 641 3237 ascensu
656 3172 805 3239 interisse
823 3175 1034 3262 adgnoscunt
1065 3172 1174 3244 Rexit

127 3279 194 3324 non
221 3259 367 3341 cupidine
394 3261 499 3344 magis
521 3257 670 3343 potiundi
691 3258 768 3345 loci,
795 3284 891 3345 quam
917 3265 987 3330 vioe
1015 3287 1136 3351 eorum,

129 3368 210 3432 quos
233 3346 274 3410 ad
291 3349 359 3410 tam
378 3347 587 3412 manifestum
604 3346 781 3428 periculum
804 3351 951 3437 miserat,
974 3354 1134 3422 sollicitus

125 3439 198 3500 toto
221 3433 273 3500 die
296 3434 463 3499 cacumina
485 3433 606 3499 montis
628 3433 756 3500 intuens
778 3439 906 3505 restitit
952 3438 1062 3508 Noctu
1086 3443 1135 3509 de

104 3543 214 3608 mum,
240 3545 315 3591 cum
335 3521 524 3591 obscuritas
543 3523 753 3606 conspectum
769 3524 938 3590 oculorum
953 3528 1135 3615 ademisset,
