2356 3846
120 144 183 208 128
492 144 524 211 Q.
544 143 654 200 culm
672 138 759 200 Rurl
860 188 871 201 ,

545 339 626 406 Car.
644 340 701 407 VI.

84 476 98 524 1
206 464 270 528 Hic
298 485 375 528 vero
397 465 507 546 palam
529 465 723 547 cupiditates
747 486 823 529 suas
846 465 946 531 solvit
969 466 1178 533 soacinen-2·

117 554 262 637 tiamque
284 556 317 616 et
340 553 603 631 moderationem,
626 553 661 616 in
681 552 842 618 altissima
859 574 986 637 quaque
1004 552 1138 619 fortuna

119 641 295 705 eminentia
327 641 427 724 bona,
462 642 499 705 in
535 641 721 724 superbiam
758 662 795 705 ac
826 641 996 706 lasciviam
1028 643 1137 708 vertit

83 729 248 793 2Patrios
272 751 381 816 ¹mores
408 729 676 814 disciplinamque
703 728 915 794 Macedonum
942 749 1061 814 regum
1088 752 1137 796 aar

117 818 254 881 lubriter
276 821 492 902 temperatam
516 821 549 882 et
571 818 699 882 civilem
726 816 876 882 habitum
898 818 989 883 velut
1013 818 1139 885 leviora

118 905 341 990 magnitudine
369 928 428 971 sua
455 906 573 970 ducens
600 905 748 971 Persicae
776 906 886 989 regiae
913 927 973 989 par
1000 905 1137 972 deorum

83 1004 99 1052 3
118 996 284 1077 potentiae
308 994 475 1078 fastigium
495 994 732 1058 aemulabatur:
757 995 874 1074 [iacere
892 993 985 1058 humi
1003 1015 1138 1060 venera·

118 1082 243 1147 bundos
270 1082 391 1166 ipsum]
419 1082 639 1166 paulatimque
668 1082 838 1146 servilibus
865 1083 1059 1147 ministeriis
1086 1087 1138 1148 tot

117 1172 257 1234 victores
285 1170 431 1254 gentium
458 1170 592 1234 inbuere
616 1173 649 1234 et
675 1171 812 1253 captivis
834 1191 929 1253 pares
952 1170 1061 1235 facere
1085 1192 1137 1235 ex-

83 1258 258 1341 spetebat.
307 1257 421 1340 Itaque
443 1280 640 1341 purpureum
664 1257 812 1323 diadema
834 1258 1027 1323 distinctum
1051 1259 1137 1342 albo,

118 1347 213 1429 quale
235 1343 361 1409 Dareus
389 1345 563 1430 habuerat,
593 1345 692 1429 capiti
715 1344 926 1410 circumdedit
949 1350 1138 1432 vestemque

118 1433 282 1498 Persicam
310 1434 461 1517 sumpsit,
490 1456 532 1498 ne
559 1455 654 1499 omen
681 1434 810 1518 quidem
837 1435 973 1515 veritus,
1000 1436 1090 1519 qnod
1119 1458 1137 1499 a

85 1521 253 1586 evictoris
282 1521 466 1606 insignibus
494 1523 529 1587 in
555 1522 675 1586 devicti
705 1523 861 1586 transiret
887 1522 1047 1589 habiturn
1064 1565 1078 1575 ,
1093 1523 1138 1589 nt

117 1610 174 1674 ille
201 1632 236 1674 se
264 1610 394 1694 quidem
422 1611 526 1694 spolia
554 1608 725 1673 Persarum
752 1614 881 1694 gestare
908 1610 1053 1695 dicebat,
1081 1612 1137 1677 sed

119 1720 191 1762 eum
209 1698 276 1762 illis
291 1720 418 1782 quoque
432 1719 537 1762 mores
555 1697 719 1781 induerat,
738 1699 987 1783 superbiamque
1001 1699 1136 1764 habitus

83 1786 219 1850 sanimi
241 1787 416 1851 insolentia
439 1786 647 1871 sequebatur:
671 1821 713 1832 -—
737 1786 865 1850 litteras
890 1808 1032 1871 quoque,
1055 1810 1136 1873 quas

117 1876 152 1938 in
170 1874 337 1958 Europam
355 1876 509 1958 mitteret,
531 1875 649 1939 veteris
671 1873 761 1938 anuli
779 1894 910 1958 gemma
928 1874 1137 1960 obsignabat,

117 1963 173 2045 iis,
205 1985 284 2046 quas
312 1964 347 2025 in
374 1963 488 2026 Asiam
516 1963 685 2045 scriberet,
712 1961 811 2026 Darei
838 1963 956 2027 anulus
984 1964 1138 2048 inprime-

118 2051 228 2115 batur:
262 2085 301 2096 -
327 2053 364 2112 ut
391 2050 560 2133 adpareret
591 2072 691 2114 unum
725 2051 868 2114 animum
901 2050 1039 2117 duorum
1071 2073 1137 2117 non

83 2153 98 2201 7
119 2159 234 2222 capere
256 2137 428 2201 fortunam.
474 2136 607 2202 Amicos
625 2159 701 2202 vero
722 2142 755 2203 et
777 2139 900 2221 equites
923 2176 966 2187 —
989 2140 1025 2204 hi
1048 2162 1137 2206 nam·

118 2248 180 2310 que
212 2225 374 2308 principes
406 2225 548 2289 militum
580 2261 623 2272 -
656 2230 865 2309 aspernantes
899 2227 1047 2313 quidem,
1081 2230 1136 2295 sed

83 2337 100 2387 8
119 2335 267 2379 recusare
289 2334 356 2377 non
378 2335 475 2378 ausos
497 2312 636 2377 Persicis
660 2317 831 2378 ornaverat
853 2315 1010 2381 vestibus.
1049 2315 1135 2383 Peli-

119 2425 172 2469 ces
192 2418 257 2468 ccc
271 2405 304 2466 et
318 2419 398 2479 va,
416 2402 554 2466 totidem
573 2405 653 2485 quot
672 2401 770 2467 Darei
788 2402 927 2486 fuerant,
945 2405 1072 2488 regiam
1089 2406 1135 2470 in·

118 2492 264 2576 plebant,
288 2512 367 2575 quas
386 2486 572 2572 'spadonum
594 2509 719 2574 greges,
742 2492 776 2554 et
793 2490 856 2574 ipsi
874 2491 1049 2557 muliebria
1066 2495 1135 2579 pati

83 2581 254 2662 cadaueti,
278 2579 504 2662 sequebantur.
548 2575 638 2642 Haec
659 2579 736 2642 luxu
760 2581 793 2642 et
815 2579 995 2662 peregrinis
1013 2581 1174 2650 infernal

118 2670 264 2733 moribus
287 2672 412 2732 veteres
430 2667 575 2750 Philippi
593 2667 723 2751 milites,
745 2665 835 2732 rudis
853 2667 944 2732 natio
963 2667 1005 2732 ad
1022 2671 1133 2755 volup·

118 2761 218 2840 tates,
247 2757 355 2839 palam
383 2757 616 2821 aversabantur
643 2756 787 2838 totisque
815 2755 931 2820 castris
956 2778 1039 2822 unus
1068 2781 1133 2824 om·

117 2845 208 2908 nium
240 2866 352 2908 sensus
384 2864 421 2906 ac
453 2865 559 2908 sermo
588 2847 671 2926 erat,
702 2845 776 2925 plus
806 2845 963 2909 amissum
990 2846 1134 2929 victoria,

9 2974 13 2981 -
67 2947 101 2996 ιο
121 2953 217 3014 quam
245 2932 333 2996 bello
361 2953 431 2996 esse
459 2931 654 3013 quaesitum:
686 2935 752 2994 tum
779 2953 852 2996 cum
879 2933 1021 2998 maxime
1049 2935 1134 3000 vinei

119 3021 208 3101 ipsos
237 3020 372 3103 dedique
401 3019 514 3084 alienis
541 3017 686 3082 moribus
713 3021 746 3081 et
774 3021 924 3086 externis.
969 3020 1042 3097 Quo
1065 3027 1135 3089 tan·

119 3107 193 3170 dem
222 3128 277 3171 ore
305 3108 418 3172 domos
446 3107 539 3191 quasi
566 3105 599 3168 in
628 3105 756 3189 captivo
783 3106 898 3174 habitu
923 3112 1133 3178 reversuros?

119 3194 244 3259 Pudere
267 3196 334 3259 iam
357 3196 416 3260 sui.
461 3194 585 3279 Regem
607 3193 702 3258 victis
721 3216 817 3278 quam
835 3197 1012 3264 victoribus
1033 3201 1133 3266 simil·

119 3284 220 3348 iorem
235 3304 273 3346 ex
287 3282 495 3349 Macedoniae
512 3284 709 3366 imperatore
721 3281 821 3347 Darei
836 3290 989 3369 satrapen
1000 3287 1135 3355 factum.

71 3389 102 3437 ιι
121 3370 180 3435 Ille
202 3393 269 3435 non
291 3370 437 3455 ignarus,
460 3375 493 3436 et
515 3370 677 3456 principes
700 3371 877 3436 amicorum
901 3379 934 3438 et
956 3377 1136 3443 exercitum

112 3461 263 3544 graviter
282 3459 409 3543 offendi,
432 3460 572 3544 gratiam
593 3457 787 3523 liberalitate
808 3458 963 3544 donisque
982 3485 1135 3549 reparare

101 3549 302 3633 temptabat
353 3546 431 3638 sed,
456 3547 582 3637 opinor,
603 3546 717 3612 liberis
738 3545 881 3629 pretium
903 3551 1073 3619 servitutis
1088 3555 1135 3621 in·
