2356 3846
114 184 158 250 54
486 186 518 253 Q.
538 187 649 244 OURTI
667 189 754 244 RUFI

113 334 275 419 egregiam
294 333 329 398 in
347 336 455 417 partes
473 333 569 398 fidem
587 336 620 397 et
638 334 818 418 pecuniam,
841 355 937 417 quam
955 333 990 398 in
1004 334 1126 400 bellum

112 421 339 505 inpenderent,
375 420 513 486 reddidit
548 425 581 486 et
616 441 769 506 magnam
804 423 970 507 regionem
1005 422 1125 488 finibus

61 528 95 576 14
113 531 224 574 eorum
252 510 376 574 adiecit.
422 507 611 593 Cypriorum
639 532 765 594 quoque
792 510 935 594 regibus,
967 511 1023 595 qui
1050 515 1083 575 et
1107 533 1126 575 a

112 596 218 662 Dareo
243 599 426 663 defecerant
449 599 489 662 ad
511 599 617 681 ipsum
641 602 673 661 et
696 599 899 684 oppugnanti
920 597 1043 682 Tyrum
1066 600 1125 663 mi·

113 689 222 750 serant
245 688 392 770 classem,
416 707 474 769 pro
497 687 612 751 merito
635 687 739 751 honos
762 687 892 751 habitus
916 690 974 750 est.

61 792 93 840 15
198 774 418 858 Amphoterus
450 775 577 856 deinde,
609 776 720 839 classis
751 774 944 859 praefectus,
976 774 1017 838 ad
1046 775 1124 839 libe·

110 862 244 926 randam
275 861 403 928 Cretam
435 864 552 927 missus
585 900 627 909 -
659 884 797 947 namque
830 866 863 926 et
889 861 1060 927 Persarum
1092 868 1126 928 et

111 948 343 1033 Spartanorum
366 950 462 1015 armis
481 952 632 1036 pleraque
655 952 723 1016 eius
746 951 871 1016 insulae
894 950 1126 1016 obsidebantur

113 1075 152 1084 —
182 1043 256 1103 ante
289 1040 398 1104 omnia
428 1060 516 1103 mare
549 1062 568 1103 a
599 1039 742 1122 piraticis
774 1039 930 1104 classibus
960 1040 1125 1104 vindicare

111 1127 230 1191 iussus:
268 1128 385 1211 quippe
414 1127 588 1192 obnoxium
615 1127 830 1210 praedonibus
854 1130 923 1190 erat
945 1127 981 1191 ia
1003 1127 1125 1192 bellum

59 1234 92 1283 16
111 1218 247 1299 utroque
275 1235 350 1300 rege
378 1236 541 1291 converso,
585 1213 646 1278 His
669 1215 846 1298 conpositis
869 1214 1002 1279 Herculi
1025 1214 1124 1298 Tyrio

111 1323 149 1366 ex
172 1325 250 1367 auro
274 1307 430 1367 crateram
455 1325 527 1368 cum
549 1320 620 1367 xxx
642 1304 762 1386 pateris
787 1303 918 1367 dicavit:
948 1302 1125 1368 inminens-

110 1411 171 1473 que
194 1389 300 1456 Dareo
324 1392 365 1456 ad
387 1389 575 1470 Euphraten
598 1392 659 1455 iter
681 1392 886 1474 pronuntiari
907 1390 1024 1472 iussit,

535 1547 614 1615 One.
636 1549 691 1614 IX.

76 1674 90 1722 1
199 1653 243 1718 At
270 1655 407 1737 Dareus,
440 1676 512 1719 cum
537 1656 687 1740 Aegypto
719 1654 893 1719 devertisse
920 1655 955 1718 in
978 1653 1170 1721 Africam3t

109 1743 236 1807 hostem
259 1743 469 1826 conperisset,
501 1743 714 1825 dubitaverat,
740 1746 890 1815 utrumne
913 1743 997 1806 eirca
1019 1743 1125 1809 Meso·

109 1832 286 1915 potamiam
314 1831 515 1915 subsisteret,
548 1853 591 1894 an
617 1831 770 1895 interiora
797 1831 890 1915 regni
919 1831 969 1894 sui
992 1835 1125 1916 peteret,

109 1919 195 1984 haud
224 1920 319 1984 dubie
345 1919 509 2001 potentior
536 1921 648 1983 auctor
674 1939 826 2001 praesens
849 1917 976 1983 futurus
1000 1920 1124 1985 ultimis

110 2007 260 2092 gentibus
292 2007 418 2091 inpigre
449 2006 570 2070 bellum
601 2006 801 2089 capessendi,
833 2028 913 2089 quas
944 2027 1039 2090 aegre
1066 2030 1126 2092 per

75 2114 91 2162 a
110 2094 289 2178 praefectos
313 2116 387 2160 suos
410 2094 611 2158 moliebatur.
646 2092 709 2159 Sed
730 2098 767 2158 ut
789 2094 912 2159 idoneis
936 2096 1124 2161 auctoribus

110 2182 198 2247 fama
220 2183 373 2269 vulgavit,
395 2182 612 2246 Alexandrum
632 2203 705 2246 cum
720 2182 868 2248 omnibus
882 2182 993 2266 copiis,
1012 2205 1125 2266 quam-

111 2292 245 2356 cumque
268 2272 336 2355 ipse
360 2271 481 2335 adisset
502 2271 679 2355 regionem,
701 2271 890 2354 petiturum:
922 2271 1010 2335 haud
1031 2272 1125 2356 igna-

110 2381 174 2444 rus,
197 2381 294 2442 quam
318 2380 389 2423 cum
411 2363 541 2423 strenuo
559 2379 611 2422 res
629 2362 722 2443 esset,
744 2359 855 2423 omnia
872 2359 1124 2444 longinquarum

111 2447 255 2532 gentium
279 2447 398 2511 auxilia
416 2446 626 2530 Babyloniam
649 2446 796 2511 contrahi
818 2447 920 2511 iussit.
956 2445 1125 2512 Bactriani

112 2534 312 2620 Scythaeque
348 2538 380 2599 et
411 2533 484 2598 Indi
516 2538 746 2599 convenerant:
783 2535 848 2599 iam
880 2538 913 2600 et
944 2538 1124 2600 ceterarum

76 2625 257 2710 agentium
289 2623 399 2707 copiae
430 2623 579 2706 partibus
611 2623 706 2688 simul
738 2622 919 2688 adfuerunt.
972 2621 1124 2688 Ceterum

111 2734 184 2776 cum
215 2711 346 2777 dimidio
378 2711 477 2775 ferme
509 2712 612 2776 maior
644 2715 728 2776 esset
759 2711 928 2794 exereitus,
961 2733 1059 2795 quam
1089 2712 1124 2776 in

111 2796 224 2864 Cilicia
246 2799 361 2883 fuerat,
382 2800 493 2863 multis
509 2821 606 2900 ,arma
629 2799 769 2901 deerant,
791 2820 874 2884 quae
897 2820 1024 2864 summa
1047 2820 1123 2864 cura

111 2885 1004 3060 {sluttra„lqttlhttttttlsttttt
1027 2890 1124 3040 {tt

110 3064 238 3146 praeter
260 3061 365 3126 iacula
387 3062 469 3126 nihil
487 3061 627 3144 dederat,
649 3064 741 3125 scuta
759 3062 922 3147 gladiique
941 3062 1124 3128 adicieban-

76 3154 177 3216 4tur:
210 3170 425 3234 equorumque
453 3149 606 3215 domandi
634 3168 748 3234 greges
775 3149 936 3233 peditibus
959 3151 1124 3216 distributi

112 3240 201 3322 sunt,
222 3240 260 3301 ut
281 3237 384 3302 maior
406 3238 544 3321 pristino
567 3239 652 3302 esset
674 3237 849 3320 equitatus:
874 3239 1065 3323 ingensque,
1087 3242 1124 3303 ut

111 3325 298 3408 crediderat,
319 3325 461 3391 hostium
478 3329 591 3410 terror,
611 3325 765 3389 ducentae
783 3325 921 3390 falcatae
939 3327 1124 3412 quadrigae,

71 3415 242 3483 suniomn
268 3414 397 3478 illarum
425 3413 570 3499 gentium
598 3412 765 3498 auxilium,
793 3418 920 3480 secutae
943 3418 1028 3480 sunt.
1073 3414 1124 3480 xx

90 3519 227 3564 summo
246 3505 380 3567 temone
394 3501 511 3567 hastae
523 3501 683 3588 praefixae
696 3500 781 3567 ferro
795 3502 990 3586 eminebant,
1012 3505 1124 3568 utrim-

72 3597 141 3656 9110
180 3607 201 3647 a
237 3587 322 3676 iugo
358 3595 475 3661 ternos
509 3591 701 3660 direxerant
732 3590 877 3678 gladios,
905 3590 993 3654 'mter
1021 3591 1132 3653 radies
