2356 3846
256 155 512 213 HISTORIARUM
530 157 746 214 ALEXANDRI
762 157 811 228 IV,
831 165 872 213 16.
1026 157 1067 222 79

9 302 44 368 33
146 300 295 368 Cecidere
325 299 511 379 Persarum,
553 283 688 386 quorum
726 324 895 368 numerum
931 303 1121 373 victoresne

55 390 149 455 finire
176 392 365 474 potuerunt,
396 389 486 454 milia
508 407 568 473 xn,
599 389 812 456 Macedonum
839 393 946 457 minus
970 414 1067 477 quam

56 495 120 545 ccc
157 478 328 542 desiderati
365 481 448 542 sunt
506 475 657 543 Ceterum
692 479 776 544 hanc
811 481 978 545 victoriam
1012 502 1068 545 rex
1086 499 1119 550 37

54 565 178 631 maiore
208 587 248 631 ex
276 568 368 650 parte
395 565 521 650 virtuti,
553 588 651 651 quam
672 567 821 632 fortunae
845 590 920 633 suae
944 568 1067 633 debuit:
1087 589 1121 638 28

56 655 194 737 [animo,
225 675 304 737 non,
336 657 373 717 ut
404 656 512 737 antea,
543 654 614 719 loco
647 655 746 736 vicit}
790 653 876 720 Nam
906 659 939 720 et
966 658 1067 721 aciem

54 741 250 827 peritissime
272 742 426 806 instruxit
448 745 481 806 et
502 742 741 826 promptissime
767 743 837 826 ipse
859 745 1016 829 pugnauit
1035 748 1069 810 et

16 897 22 903 ,
55 851 177 917 magno
206 831 340 896 consilio
363 830 521 895 iacturam
544 831 741 895 sarcinarum
764 830 1068 915 inpedimentorum·

56 940 120 1005 quc
143 919 352 1002 contempsit,
375 940 449 983 cum
471 918 506 983 in
528 917 599 1001 ipsa
621 919 689 983 acie
712 941 855 985 summae
878 921 925 984 rei
946 921 1068 985 videret

56 1029 128 1073 osse
160 1006 344 1088 discrimen,
375 1005 536 1090 dubioque
568 1007 672 1071 adhuc
702 1028 830 1092 pugnae
862 1012 979 1072 eventu
1008 1030 1067 1092 pro

56 1095 178 1160 victore
206 1115 241 1159 se
263 1095 377 1180 gessit:
407 1095 572 1176 perculsos
594 1094 708 1158 deinde
730 1095 873 1160 hostium
895 1097 991 1178 fudit,
1018 1097 1067 1160 fu·
1087 1117 1121 1165 co

57 1185 197 1268 gientes,
229 1181 314 1267 quod
345 1183 380 1247 in
410 1182 467 1247 illo
495 1182 608 1246 ardore
635 1183 735 1246 animi
761 1183 814 1247 vix
841 1183 927 1248 credi
951 1187 1068 1266 potest,

56 1270 245 1355 prudentius
267 1291 365 1355 quam
387 1269 510 1334 avidius
530 1273 715 1353 persecutus
734 1275 791 1335 est.
826 1270 912 1336 Nam
930 1272 959 1335 si
977 1275 1067 1355 parte
1086 1291 1125 1339 33

57 1358 216 1423 exercitus
241 1358 344 1423 adhuc
366 1358 401 1420 in
423 1358 492 1422 acie
514 1362 621 1422 stante
644 1360 765 1423 instare
788 1359 974 1424 cedentibus
997 1381 1067 1443 per-

57 1449 249 1529 severasset,
281 1450 338 1510 aut
364 1445 458 1528 culpa
483 1466 543 1509 sua
564 1446 668 1511 victus
691 1451 776 1512 esset
798 1451 855 1511 aut
878 1448 983 1512 aliena
1005 1448 1067 1511 vir·

56 1537 128 1600 tute
156 1533 293 1598 vicisset.
332 1532 403 1598 Iam
426 1534 454 1598 si
476 1534 714 1599 multitudinem
736 1535 879 1618 equitum
902 1557 1068 1600 occurren-

56 1621 141 1686 tium
178 1621 390 1703 extimuisset,
424 1622 539 1686 victori
576 1624 632 1685 aut
666 1621 758 1687 foede
793 1623 980 1708 fugiendum
1012 1627 1069 1686 aut
1147 1645 1153 1652 ‘

56 1709 284 1774 miserabiliter
302 1708 478 1774 cadendum
490 1709 561 1773 fuit
587 1708 637 1774 Ne
652 1711 748 1775 duces
762 1711 889 1796 quidem
904 1711 1067 1793 copiarum
1087 1730 1120 1778 31

58 1819 117 1863 sua
138 1797 232 1862 laude
254 1795 424 1861 fraudandi
446 1800 536 1861 sunt:
569 1798 687 1881 qnippe
709 1799 854 1882 vulnera,
878 1819 959 1881 quae
983 1799 1068 1882 quis·

58 1907 122 1971 que
145 1887 282 1969 excepit,
304 1885 423 1949 indicia
444 1884 573 1949 virtutis
597 1889 681 1949 sunt.
721 1885 971 1969 Hephaestionis
995 1887 1066 1950 bra·
1086 1905 1120 1953 33

56 1973 167 2039 chium
189 1973 284 2037 hasta
306 1973 406 2038 ictum
428 1976 487 2056 est,
509 1971 660 2037 Perdicca
679 1977 711 2037 et
728 1972 853 2039 Coenos
872 1978 904 2037 et
921 1973 1068 2038 Menidas

56 2060 188 2146 sagittis
214 2081 315 2144 prope
342 2061 448 2125 occisi.
492 2059 546 2142 nt,
571 2060 598 2123 si
625 2082 698 2125 vere
725 2062 895 2126 aestimare
921 2060 1068 2127 Macedo·
1087 2081 1121 2130 33

54 2171 132 2232 nas,
155 2149 211 2232 qui
233 2151 311 2212 tunc
334 2150 440 2228 erant,
461 2148 618 2230 volumus,
640 2148 812 2214 fatebimur
835 2153 868 2213 et
888 2170 997 2233 regem
1019 2154 1068 2214 ta·

55 2237 144 2302 libus
166 2235 323 2301 ministris
347 2239 379 2301 et
400 2237 474 2300 illos
495 2239 588 2300 tanto
611 2256 686 2322 rege
707 2237 807 2302 fuisse
830 2237 1047 2322 dignissimos.
