<?xml version="1.0" encoding="UTF-8"?>
<!DOCTYPE html PUBLIC "-//W3C//DTD XHTML 1.0 Transitional//EN"
    "http://www.w3.org/TR/xhtml1/DTD/xhtml1-transitional.dtd">
<html xmlns="http://www.w3.org/1999/xhtml" xml:lang="en" lang="en">
 <head>
  <title>
</title>
<meta http-equiv="Content-Type" content="text/html;charset=utf-8" />
  <meta name='ocr-system' content='tesseract 3.04.00' />
  <meta name='ocr-capabilities' content='ocr_page ocr_carea ocr_par ocr_line ocrx_word'/>
</head>
<body>
  <div class='ocr_page' id='page_1' title='image "./incertiauctoris00heydgoog_0258.png"; bbox 0 0 2356 3846; ppageno 0'>
   <div class='ocr_carea' id='block_1_1' title="bbox 127 172 768 242">
    <p class='ocr_par' dir='ltr' id='par_1_1' title="bbox 127 172 768 242">
     <span class='ocr_line' id='line_1_1' title="bbox 127 172 768 242; baseline 0.005 -16"><span class='ocrx_word' id='word_1_1' title='bbox 127 175 193 240; x_wconf 91' lang='grc'>222</span> <span class='ocrx_word' id='word_1_2' title='bbox 502 175 533 242; x_wconf 87' lang='lat' dir='ltr'>Q.</span> <span class='ocrx_word' id='word_1_3' title='bbox 553 173 663 230; x_wconf 70' lang='lat' dir='ltr'>oolam</span> <span class='ocrx_word' id='word_1_4' title='bbox 680 172 768 230; x_wconf 74' lang='lat' dir='ltr'>num</span> 
     </span>
    </p>
   </div>
   <div class='ocr_carea' id='block_1_2' title="bbox 75 317 1174 3134">
    <p class='ocr_par' dir='ltr' id='par_1_2' title="bbox 75 317 1174 3134">
     <span class='ocr_line' id='line_1_2' title="bbox 126 317 1135 385; baseline 0 0"><span class='ocrx_word' id='word_1_5' title='bbox 126 320 297 385; x_wconf 85' lang='lat' dir='ltr'>ferebatur.</span> <span class='ocrx_word' id='word_1_6' title='bbox 333 319 370 383; x_wconf 92' lang='lat' dir='ltr'>Id</span> <span class='ocrx_word' id='word_1_7' title='bbox 389 319 565 383; x_wconf 89' lang='lat' dir='ltr'>maximum</span> <span class='ocrx_word' id='word_1_8' title='bbox 583 321 654 382; x_wconf 90' lang='lat' dir='ltr'>erat</span> <span class='ocrx_word' id='word_1_9' title='bbox 670 317 868 384; x_wconf 75' lang='lat' dir='ltr'>bellantibus</span> <span class='ocrx_word' id='word_1_10' title='bbox 890 317 1135 385; x_wconf 75' lang='lat' dir='ltr'><strong>incitamentum</strong></span> 
     </span>
     <span class='ocr_line' id='line_1_3' title="bbox 127 405 1137 492; baseline 0 -18"><span class='ocrx_word' id='word_1_11' title='bbox 127 412 160 474; x_wconf 89' lang='lat' dir='ltr'>et</span> <span class='ocrx_word' id='word_1_12' title='bbox 187 408 366 473; x_wconf 88' lang='lat' dir='ltr'>deseruisse</span> <span class='ocrx_word' id='word_1_13' title='bbox 393 409 559 491; x_wconf 70' lang='lat' dir='ltr'><strong>gestantes</strong></span> <span class='ocrx_word' id='word_1_14' title='bbox 592 405 733 470; x_wconf 89' lang='lat' dir='ltr'>militare</span> <span class='ocrx_word' id='word_1_15' title='bbox 760 406 921 492; x_wconf 88' lang='lat' dir='ltr'>flagitium</span> <span class='ocrx_word' id='word_1_16' title='bbox 947 406 1137 474; x_wconf 78' lang='lat' dir='ltr'><strong>habebatur.</strong></span> 
     </span>
     <span class='ocr_line' id='line_1_4' title="bbox 75 495 1137 581; baseline 0.006 -25"><span class='ocrx_word' id='word_1_17' title='bbox 75 507 108 557; x_wconf 73' lang='lat'>12</span> <span class='ocrx_word' id='word_1_18' title='bbox 128 495 253 581; x_wconf 75' lang='lat' dir='ltr'>Capitis</span> <span class='ocrx_word' id='word_1_19' title='bbox 277 496 376 560; x_wconf 89' lang='lat' dir='ltr'>etiam</span> <span class='ocrx_word' id='word_1_20' title='bbox 399 497 573 560; x_wconf 75' lang='lat' dir='ltr'><strong>sanxerant</strong></span> <span class='ocrx_word' id='word_1_21' title='bbox 594 515 732 578; x_wconf 89' lang='lat' dir='ltr'>poenam</span> <span class='ocrx_word' id='word_1_22' title='bbox 758 495 816 578; x_wconf 83' lang='lat' dir='ltr'>iis,</span> <span class='ocrx_word' id='word_1_23' title='bbox 843 495 897 579; x_wconf 91' lang='lat' dir='ltr'>qui</span> <span class='ocrx_word' id='word_1_24' title='bbox 922 516 961 560; x_wconf 90' lang='lat' dir='ltr'>ex</span> <span class='ocrx_word' id='word_1_25' title='bbox 984 497 1054 561; x_wconf 87' lang='lat' dir='ltr'>acie</span> <span class='ocrx_word' id='word_1_26' title='bbox 1076 517 1137 562; x_wconf 93' lang='lat' dir='ltr'>non</span> 
     </span>
     <span class='ocr_line' id='line_1_5' title="bbox 127 581 1138 668; baseline 0.002 -20"><span class='ocrx_word' id='word_1_27' title='bbox 127 583 343 667; x_wconf 83' lang='lat' dir='ltr'>rettulissent,</span> <span class='ocrx_word' id='word_1_28' title='bbox 370 588 472 666; x_wconf 88' lang='lat' dir='ltr'>metu,</span> <span class='ocrx_word' id='word_1_29' title='bbox 500 604 594 667; x_wconf 88' lang='lat' dir='ltr'>quem</span> <span class='ocrx_word' id='word_1_30' title='bbox 618 603 658 646; x_wconf 86' lang='lat' dir='ltr'>ex</span> <span class='ocrx_word' id='word_1_31' title='bbox 680 582 737 648; x_wconf 93' lang='lat' dir='ltr'>illo</span> <span class='ocrx_word' id='word_1_32' title='bbox 759 581 856 648; x_wconf 88' lang='lat' dir='ltr'>hoste</span> <span class='ocrx_word' id='word_1_33' title='bbox 879 583 1042 668; x_wconf 86' lang='lat' dir='ltr'>quondam</span> <span class='ocrx_word' id='word_1_34' title='bbox 1068 605 1138 650; x_wconf 91' lang='lat' dir='ltr'>con·</span> 
     </span>
     <span class='ocr_line' id='line_1_6' title="bbox 127 670 1138 756; baseline 0 -19"><span class='ocrx_word' id='word_1_35' title='bbox 127 670 292 756; x_wconf 80' lang='lat' dir='ltr'>ceperant,</span> <span class='ocrx_word' id='word_1_36' title='bbox 324 673 423 737; x_wconf 87' lang='lat' dir='ltr'>etiam</span> <span class='ocrx_word' id='word_1_37' title='bbox 450 672 484 735; x_wconf 92' lang='lat' dir='ltr'>in</span> <span class='ocrx_word' id='word_1_38' title='bbox 510 671 703 754; x_wconf 83' lang='lat' dir='ltr'>religionem</span> <span class='ocrx_word' id='word_1_39' title='bbox 730 672 1040 756; x_wconf 78' lang='lat' dir='ltr'>venerationemque</span> <span class='ocrx_word' id='word_1_40' title='bbox 1068 694 1138 739; x_wconf 91' lang='lat' dir='ltr'>oon·</span> 
     </span>
     <span class='ocr_line' id='line_1_7' title="bbox 127 758 1137 843; baseline 0.001 -18"><span class='ocrx_word' id='word_1_41' title='bbox 127 782 230 826; x_wconf 84' lang='lat' dir='ltr'>verso.</span> <span class='ocrx_word' id='word_1_42' title='bbox 284 759 477 826; x_wconf 86' lang='lat' dir='ltr'>Macedonas</span> <span class='ocrx_word' id='word_1_43' title='bbox 508 781 574 824; x_wconf 91' lang='lat' dir='ltr'>non</span> <span class='ocrx_word' id='word_1_44' title='bbox 605 758 773 824; x_wconf 89' lang='lat' dir='ltr'>beluarum</span> <span class='ocrx_word' id='word_1_45' title='bbox 805 759 917 843; x_wconf 88' lang='lat' dir='ltr'>modo,</span> <span class='ocrx_word' id='word_1_46' title='bbox 951 760 1010 825; x_wconf 89' lang='lat' dir='ltr'>sed</span> <span class='ocrx_word' id='word_1_47' title='bbox 1042 761 1137 826; x_wconf 89' lang='lat' dir='ltr'>etiam</span> 
     </span>
     <span class='ocr_line' id='line_1_8' title="bbox 75 845 1138 934; baseline 0.006 -25"><span class='ocrx_word' id='word_1_48' title='bbox 75 848 231 932; x_wconf 72' lang='lat' dir='ltr'>tuipsius</span> <span class='ocrx_word' id='word_1_49' title='bbox 254 849 341 934; x_wconf 88' lang='lat' dir='ltr'>regis</span> <span class='ocrx_word' id='word_1_50' title='bbox 365 851 513 932; x_wconf 86' lang='lat' dir='ltr'>aspectus</span> <span class='ocrx_word' id='word_1_51' title='bbox 535 868 708 932; x_wconf 80' lang='lat' dir='ltr'>parumper</span> <span class='ocrx_word' id='word_1_52' title='bbox 729 846 880 913; x_wconf 86' lang='lat' dir='ltr'>inhibuit.</span> <span class='ocrx_word' id='word_1_53' title='bbox 926 845 1053 914; x_wconf 87' lang='lat' dir='ltr'>Beluae</span> <span class='ocrx_word' id='word_1_54' title='bbox 1080 849 1138 915; x_wconf 89' lang='lat' dir='ltr'>dis·</span> 
     </span>
     <span class='ocr_line' id='line_1_9' title="bbox 127 935 1138 1021; baseline 0.002 -20"><span class='ocrx_word' id='word_1_55' title='bbox 127 937 253 1021; x_wconf 89' lang='lat' dir='ltr'>positae</span> <span class='ocrx_word' id='word_1_56' title='bbox 283 938 368 1001; x_wconf 89' lang='lat' dir='ltr'>inter</span> <span class='ocrx_word' id='word_1_57' title='bbox 399 941 542 1001; x_wconf 90' lang='lat' dir='ltr'>armatos</span> <span class='ocrx_word' id='word_1_58' title='bbox 571 935 710 1019; x_wconf 89' lang='lat' dir='ltr'>speciem</span> <span class='ocrx_word' id='word_1_59' title='bbox 741 936 880 1001; x_wconf 89' lang='lat' dir='ltr'>turrium</span> <span class='ocrx_word' id='word_1_60' title='bbox 911 937 1027 1021; x_wconf 91' lang='lat' dir='ltr'>procul</span> <span class='ocrx_word' id='word_1_61' title='bbox 1061 937 1138 1003; x_wconf 84' lang='lat' dir='ltr'>fece</span> 
     </span>
     <span class='ocr_line' id='line_1_10' title="bbox 127 1024 1137 1110; baseline 0 -20"><span class='ocrx_word' id='word_1_62' title='bbox 127 1028 214 1110; x_wconf 83' lang='lat' dir='ltr'>rant,</span> <span class='ocrx_word' id='word_1_63' title='bbox 241 1026 313 1108; x_wconf 91' lang='lat' dir='ltr'>ipse</span> <span class='ocrx_word' id='word_1_64' title='bbox 335 1024 439 1091; x_wconf 89' lang='lat' dir='ltr'>Porus</span> <span class='ocrx_word' id='word_1_65' title='bbox 463 1024 623 1089; x_wconf 88' lang='lat' dir='ltr'>humanae</span> <span class='ocrx_word' id='word_1_66' title='bbox 650 1024 883 1110; x_wconf 83' lang='lat' dir='ltr'>magnitudinis</span> <span class='ocrx_word' id='word_1_67' title='bbox 904 1024 1137 1108; x_wconf 88' lang='lat' dir='ltr'>propemodum</span> 
     </span>
     <span class='ocr_line' id='line_1_11' title="bbox 128 1111 1139 1196; baseline 0.003 -20"><span class='ocrx_word' id='word_1_68' title='bbox 128 1117 310 1179; x_wconf 80' lang='lat' dir='ltr'>excesserat</span> <span class='ocrx_word' id='word_1_69' title='bbox 325 1113 474 1178; x_wconf 83' lang='lat' dir='ltr'>formam.</span> <span class='ocrx_word' id='word_1_70' title='bbox 504 1111 763 1196; x_wconf 80' lang='lat' dir='ltr'>Magnitudinem</span> <span class='ocrx_word' id='word_1_71' title='bbox 777 1111 900 1196; x_wconf 76' lang='lat' dir='ltr'>corpori</span> <span class='ocrx_word' id='word_1_72' title='bbox 914 1113 1042 1191; x_wconf 85' lang='lat' dir='ltr'>adicere</span> <span class='ocrx_word' id='word_1_73' title='bbox 1056 1114 1139 1179; x_wconf 81' lang='lat' dir='ltr'>vide·</span> 
     </span>
     <span class='ocr_line' id='line_1_12' title="bbox 127 1199 1137 1286; baseline 0 -20"><span class='ocrx_word' id='word_1_74' title='bbox 127 1202 224 1266; x_wconf 89' lang='lat' dir='ltr'>batur</span> <span class='ocrx_word' id='word_1_75' title='bbox 242 1200 351 1279; x_wconf 90' lang='lat' dir='ltr'>belna,</span> <span class='ocrx_word' id='word_1_76' title='bbox 367 1223 440 1286; x_wconf 78' lang='lat' dir='ltr'>¹qua</span> <span class='ocrx_word' id='word_1_77' title='bbox 456 1199 646 1283; x_wconf 84' lang='lat' dir='ltr'>vehebatur,</span> <span class='ocrx_word' id='word_1_78' title='bbox 670 1204 799 1265; x_wconf 90' lang='lat' dir='ltr'>tantum</span> <span class='ocrx_word' id='word_1_79' title='bbox 816 1201 903 1266; x_wconf 88' lang='lat' dir='ltr'>inter</span> <span class='ocrx_word' id='word_1_80' title='bbox 920 1204 1048 1267; x_wconf 89' lang='lat' dir='ltr'>ceteras</span> <span class='ocrx_word' id='word_1_81' title='bbox 1067 1202 1137 1268; x_wconf 90' lang='lat' dir='ltr'>erni·</span> 
     </span>
     <span class='ocr_line' id='line_1_13' title="bbox 76 1288 1139 1374; baseline 0.006 -25"><span class='ocrx_word' id='word_1_82' title='bbox 76 1303 109 1350; x_wconf 85' lang='lat'>14</span> <span class='ocrx_word' id='word_1_83' title='bbox 127 1311 221 1374; x_wconf 82' lang='lat' dir='ltr'>nens,</span> <span class='ocrx_word' id='word_1_84' title='bbox 244 1293 366 1374; x_wconf 89' lang='lat' dir='ltr'>quanto</span> <span class='ocrx_word' id='word_1_85' title='bbox 390 1289 463 1354; x_wconf 89' lang='lat' dir='ltr'>aliis</span> <span class='ocrx_word' id='word_1_86' title='bbox 486 1289 556 1372; x_wconf 93' lang='lat' dir='ltr'>ipse</span> <span class='ocrx_word' id='word_1_87' title='bbox 577 1288 776 1372; x_wconf 87' lang='lat' dir='ltr'>praestabat.</span> <span class='ocrx_word' id='word_1_88' title='bbox 818 1288 934 1373; x_wconf 88' lang='lat' dir='ltr'>Itaque</span> <span class='ocrx_word' id='word_1_89' title='bbox 956 1289 1139 1355; x_wconf 86' lang='lat' dir='ltr'>Alexander</span> 
     </span>
     <span class='ocr_line' id='line_1_14' title="bbox 129 1376 1138 1462; baseline 0.002 -21"><span class='ocrx_word' id='word_1_90' title='bbox 129 1378 368 1462; x_wconf 83' lang='lat' dir='ltr'>contemplatus</span> <span class='ocrx_word' id='word_1_91' title='bbox 392 1381 425 1442; x_wconf 90' lang='lat' dir='ltr'>et</span> <span class='ocrx_word' id='word_1_92' title='bbox 446 1397 556 1461; x_wconf 84' lang='lat' dir='ltr'>regern</span> <span class='ocrx_word' id='word_1_93' title='bbox 579 1380 613 1441; x_wconf 90' lang='lat' dir='ltr'>et</span> <span class='ocrx_word' id='word_1_94' title='bbox 636 1395 753 1460; x_wconf 88' lang='lat' dir='ltr'>agmen</span> <span class='ocrx_word' id='word_1_95' title='bbox 774 1376 939 1455; x_wconf 90' lang='lat' dir='ltr'>Indorum,</span> <span class='ocrx_word' id='word_1_96' title='bbox 963 1376 1138 1462; x_wconf 56' lang='lat' dir='ltr'>‘Tandem</span> 
     </span>
     <span class='ocr_line' id='line_1_15' title="bbox 127 1462 1136 1551; baseline 0.002 -22"><span class='ocrx_word' id='word_1_97' title='bbox 127 1466 247 1549; x_wconf 83' lang='lat' dir='ltr'>inquit,</span> <span class='ocrx_word' id='word_1_98' title='bbox 270 1464 340 1551; x_wconf 77' lang='lat' dir='ltr'>‘par</span> <span class='ocrx_word' id='word_1_99' title='bbox 359 1466 466 1530; x_wconf 91' lang='lat' dir='ltr'>animo</span> <span class='ocrx_word' id='word_1_100' title='bbox 489 1486 561 1529; x_wconf 92' lang='lat' dir='ltr'>meo</span> <span class='ocrx_word' id='word_1_101' title='bbox 584 1464 762 1547; x_wconf 88' lang='lat' dir='ltr'>periculum</span> <span class='ocrx_word' id='word_1_102' title='bbox 780 1465 883 1531; x_wconf 80' lang='lat' dir='ltr'>video.</span> <span class='ocrx_word' id='word_1_103' title='bbox 920 1462 1002 1532; x_wconf 82' lang='lat' dir='ltr'>Oum</span> <span class='ocrx_word' id='word_1_104' title='bbox 1026 1465 1136 1531; x_wconf 87' lang='lat' dir='ltr'>bestiis</span> 
     </span>
     <span class='ocr_line' id='line_1_16' title="bbox 76 1552 1136 1638; baseline 0.005 -25"><span class='ocrx_word' id='word_1_105' title='bbox 76 1564 109 1613; x_wconf 79' lang='lat'>15</span> <span class='ocrx_word' id='word_1_106' title='bbox 129 1554 226 1618; x_wconf 91' lang='lat' dir='ltr'>simul</span> <span class='ocrx_word' id='word_1_107' title='bbox 245 1558 369 1623; x_wconf 87' lang='lat' dir='ltr'>etcum</span> <span class='ocrx_word' id='word_1_108' title='bbox 393 1553 532 1638; x_wconf 88' lang='lat' dir='ltr'>egregiis</span> <span class='ocrx_word' id='word_1_109' title='bbox 556 1553 634 1617; x_wconf 83' lang='lat' dir='ltr'>viris</span> <span class='ocrx_word' id='word_1_110' title='bbox 656 1574 708 1617; x_wconf 91' lang='lat' dir='ltr'>res</span> <span class='ocrx_word' id='word_1_111' title='bbox 732 1552 802 1618; x_wconf 89' lang='lat' dir='ltr'>est’.</span> <span class='ocrx_word' id='word_1_112' title='bbox 845 1552 1046 1638; x_wconf 84' lang='lat' dir='ltr'>Intuensque</span> <span class='ocrx_word' id='word_1_113' title='bbox 1064 1553 1136 1621; x_wconf 77' lang='lat' dir='ltr'>Coe</span> 
     </span>
     <span class='ocr_line' id='line_1_17' title="bbox 126 1639 1135 1726; baseline 0 -20"><span class='ocrx_word' id='word_1_114' title='bbox 126 1664 207 1726; x_wconf 89' lang='lat' dir='ltr'>non,</span> <span class='ocrx_word' id='word_1_115' title='bbox 234 1640 333 1707; x_wconf 72' lang='lat' dir='ltr'>‘Cum</span> <span class='ocrx_word' id='word_1_116' title='bbox 363 1640 449 1726; x_wconf 86' lang='lat' dir='ltr'>ego&#39;,</span> <span class='ocrx_word' id='word_1_117' title='bbox 477 1641 599 1724; x_wconf 88' lang='lat' dir='ltr'>inquit,</span> <span class='ocrx_word' id='word_1_118' title='bbox 627 1639 829 1706; x_wconf 77' lang='lat' dir='ltr'>‘Ptolemaeo</span> <span class='ocrx_word' id='word_1_119' title='bbox 861 1639 1078 1726; x_wconf 76' lang='lat' dir='ltr'>Perdiccaque</span> <span class='ocrx_word' id='word_1_120' title='bbox 1107 1644 1135 1706; x_wconf 90' lang='lat' dir='ltr'>et</span> 
     </span>
     <span class='ocr_line' id='line_1_18' title="bbox 126 1728 1134 1814; baseline 0.001 -20"><span class='ocrx_word' id='word_1_121' title='bbox 126 1729 369 1814; x_wconf 90' lang='lat' dir='ltr'>Hephaestione</span> <span class='ocrx_word' id='word_1_122' title='bbox 392 1730 566 1794; x_wconf 89' lang='lat' dir='ltr'>comitatus</span> <span class='ocrx_word' id='word_1_123' title='bbox 589 1728 623 1794; x_wconf 91' lang='lat' dir='ltr'>in</span> <span class='ocrx_word' id='word_1_124' title='bbox 646 1729 773 1794; x_wconf 89' lang='lat' dir='ltr'>laevum</span> <span class='ocrx_word' id='word_1_125' title='bbox 795 1729 939 1794; x_wconf 91' lang='lat' dir='ltr'>hostium</span> <span class='ocrx_word' id='word_1_126' title='bbox 961 1751 1064 1795; x_wconf 86' lang='lat' dir='ltr'>cornu</span> <span class='ocrx_word' id='word_1_127' title='bbox 1081 1730 1134 1795; x_wconf 91' lang='lat' dir='ltr'>im·</span> 
     </span>
     <span class='ocr_line' id='line_1_19' title="bbox 126 1817 1134 1903; baseline 0.001 -20"><span class='ocrx_word' id='word_1_128' title='bbox 126 1822 238 1903; x_wconf 89' lang='lat' dir='ltr'>petum</span> <span class='ocrx_word' id='word_1_129' title='bbox 269 1818 374 1883; x_wconf 86' lang='lat' dir='ltr'>fecero</span> <span class='ocrx_word' id='word_1_130' title='bbox 406 1817 589 1900; x_wconf 87' lang='lat' dir='ltr'>viderisque</span> <span class='ocrx_word' id='word_1_131' title='bbox 616 1838 668 1881; x_wconf 90' lang='lat' dir='ltr'>me</span> <span class='ocrx_word' id='word_1_132' title='bbox 695 1817 731 1881; x_wconf 93' lang='lat' dir='ltr'>in</span> <span class='ocrx_word' id='word_1_133' title='bbox 758 1818 864 1882; x_wconf 92' lang='lat' dir='ltr'>medio</span> <span class='ocrx_word' id='word_1_134' title='bbox 892 1817 1008 1883; x_wconf 88' lang='lat' dir='ltr'>ardore</span> <span class='ocrx_word' id='word_1_135' title='bbox 1037 1822 1134 1884; x_wconf 80' lang='lat' dir='ltr'>certa·</span> 
     </span>
     <span class='ocr_line' id='line_1_20' title="bbox 127 1905 1134 1991; baseline 0 -20"><span class='ocrx_word' id='word_1_136' title='bbox 127 1907 243 1991; x_wconf 75' lang='lat' dir='ltr'>minis,</span> <span class='ocrx_word' id='word_1_137' title='bbox 274 1907 343 1991; x_wconf 91' lang='lat' dir='ltr'>ipse</span> <span class='ocrx_word' id='word_1_138' title='bbox 375 1905 522 1971; x_wconf 89' lang='lat' dir='ltr'>dextrum</span> <span class='ocrx_word' id='word_1_139' title='bbox 554 1926 648 1970; x_wconf 89' lang='lat' dir='ltr'>move</span> <span class='ocrx_word' id='word_1_140' title='bbox 680 1910 713 1969; x_wconf 92' lang='lat' dir='ltr'>et</span> <span class='ocrx_word' id='word_1_141' title='bbox 743 1905 884 1970; x_wconf 88' lang='lat' dir='ltr'>turbatis</span> <span class='ocrx_word' id='word_1_142' title='bbox 920 1905 1016 1991; x_wconf 88' lang='lat' dir='ltr'>signa</span> <span class='ocrx_word' id='word_1_143' title='bbox 1049 1907 1134 1971; x_wconf 78' lang='lat' dir='ltr'>infer.</span> 
     </span>
     <span class='ocr_line' id='line_1_21' title="bbox 127 1992 1133 2078; baseline 0.002 -20"><span class='ocrx_word' id='word_1_144' title='bbox 127 1994 190 2078; x_wconf 78' lang='lat' dir='ltr'>Tu,</span> <span class='ocrx_word' id='word_1_145' title='bbox 220 1995 397 2078; x_wconf 85' lang='lat' dir='ltr'>Antigene,</span> <span class='ocrx_word' id='word_1_146' title='bbox 429 1997 462 2058; x_wconf 88' lang='lat' dir='ltr'>et</span> <span class='ocrx_word' id='word_1_147' title='bbox 488 1997 538 2077; x_wconf 86' lang='lat' dir='ltr'>tu,</span> <span class='ocrx_word' id='word_1_148' title='bbox 565 1992 743 2078; x_wconf 88' lang='lat' dir='ltr'>Leonnate‚</span> <span class='ocrx_word' id='word_1_149' title='bbox 774 1997 808 2058; x_wconf 90' lang='lat' dir='ltr'>et</span> <span class='ocrx_word' id='word_1_150' title='bbox 834 1993 978 2078; x_wconf 81' lang='lat' dir='ltr'>Tauron,</span> <span class='ocrx_word' id='word_1_151' title='bbox 1008 1994 1133 2060; x_wconf 75' lang='lat' dir='ltr'>inveho</span> 
     </span>
     <span class='ocr_line' id='line_1_22' title="bbox 76 2080 1134 2166; baseline 0.006 -24"><span class='ocrx_word' id='word_1_152' title='bbox 76 2083 208 2147; x_wconf 83' lang='lat' dir='ltr'>remini</span> <span class='ocrx_word' id='word_1_153' title='bbox 234 2083 270 2146; x_wconf 92' lang='lat' dir='ltr'>in</span> <span class='ocrx_word' id='word_1_154' title='bbox 295 2082 436 2147; x_wconf 89' lang='lat' dir='ltr'>mediam</span> <span class='ocrx_word' id='word_1_155' title='bbox 459 2081 560 2146; x_wconf 88' lang='lat' dir='ltr'>aciem</span> <span class='ocrx_word' id='word_1_156' title='bbox 583 2085 617 2146; x_wconf 92' lang='lat' dir='ltr'>et</span> <span class='ocrx_word' id='word_1_157' title='bbox 638 2081 796 2166; x_wconf 86' lang='lat' dir='ltr'>urgebitis</span> <span class='ocrx_word' id='word_1_158' title='bbox 818 2080 969 2147; x_wconf 82' lang='lat' dir='ltr'>frontem.</span> <span class='ocrx_word' id='word_1_159' title='bbox 1014 2081 1134 2148; x_wconf 86' lang='lat' dir='ltr'>Hastae</span> 
     </span>
     <span class='ocr_line' id='line_1_23' title="bbox 126 2169 1134 2256; baseline 0.002 -21"><span class='ocrx_word' id='word_1_160' title='bbox 126 2173 258 2235; x_wconf 88' lang='lat' dir='ltr'>nostrae</span> <span class='ocrx_word' id='word_1_161' title='bbox 285 2170 479 2255; x_wconf 89' lang='lat' dir='ltr'>praelongae</span> <span class='ocrx_word' id='word_1_162' title='bbox 507 2174 540 2234; x_wconf 90' lang='lat' dir='ltr'>et</span> <span class='ocrx_word' id='word_1_163' title='bbox 562 2169 688 2234; x_wconf 88' lang='lat' dir='ltr'>validae</span> <span class='ocrx_word' id='word_1_164' title='bbox 716 2189 782 2233; x_wconf 92' lang='lat' dir='ltr'>non</span> <span class='ocrx_word' id='word_1_165' title='bbox 806 2169 888 2234; x_wconf 88' lang='lat' dir='ltr'>alias</span> <span class='ocrx_word' id='word_1_166' title='bbox 911 2170 1018 2254; x_wconf 87' lang='lat' dir='ltr'>magis</span> <span class='ocrx_word' id='word_1_167' title='bbox 1043 2191 1134 2256; x_wconf 86' lang='lat' dir='ltr'>quam</span> 
     </span>
     <span class='ocr_line' id='line_1_24' title="bbox 129 2257 1134 2342; baseline -0.001 -19"><span class='ocrx_word' id='word_1_168' title='bbox 129 2258 282 2324; x_wconf 89' lang='lat' dir='ltr'>adversus</span> <span class='ocrx_word' id='word_1_169' title='bbox 299 2257 413 2322; x_wconf 90' lang='lat' dir='ltr'>beluas</span> <span class='ocrx_word' id='word_1_170' title='bbox 435 2261 640 2341; x_wconf 88' lang='lat' dir='ltr'>rectoresque</span> <span class='ocrx_word' id='word_1_171' title='bbox 659 2278 770 2321; x_wconf 90' lang='lat' dir='ltr'>earum</span> <span class='ocrx_word' id='word_1_172' title='bbox 789 2257 862 2322; x_wconf 90' lang='lat' dir='ltr'>usui</span> <span class='ocrx_word' id='word_1_173' title='bbox 881 2278 953 2324; x_wconf 88' lang='lat' dir='ltr'>esse</span> <span class='ocrx_word' id='word_1_174' title='bbox 969 2262 1134 2342; x_wconf 86' lang='lat' dir='ltr'>poterunt:</span> 
     </span>
     <span class='ocr_line' id='line_1_25' title="bbox 129 2344 1134 2429; baseline 0.001 -18"><span class='ocrx_word' id='word_1_175' title='bbox 129 2346 298 2412; x_wconf 89' lang='lat' dir='ltr'>deturbate</span> <span class='ocrx_word' id='word_1_176' title='bbox 322 2367 390 2429; x_wconf 88' lang='lat' dir='ltr'>eos,</span> <span class='ocrx_word' id='word_1_177' title='bbox 414 2345 469 2429; x_wconf 93' lang='lat' dir='ltr'>qui</span> <span class='ocrx_word' id='word_1_178' title='bbox 492 2345 666 2428; x_wconf 83' lang='lat' dir='ltr'>vehuntur,</span> <span class='ocrx_word' id='word_1_179' title='bbox 689 2350 722 2410; x_wconf 90' lang='lat' dir='ltr'>et</span> <span class='ocrx_word' id='word_1_180' title='bbox 745 2344 833 2428; x_wconf 89' lang='lat' dir='ltr'>ipsas</span> <span class='ocrx_word' id='word_1_181' title='bbox 856 2345 1029 2412; x_wconf 85' lang='lat' dir='ltr'>confodite.</span> <span class='ocrx_word' id='word_1_182' title='bbox 1074 2347 1134 2412; x_wconf 84' lang='lat' dir='ltr'>An</span> 
     </span>
     <span class='ocr_line' id='line_1_26' title="bbox 128 2433 1135 2520; baseline 0 -19"><span class='ocrx_word' id='word_1_183' title='bbox 128 2456 202 2519; x_wconf 86' lang='lat' dir='ltr'>ceps</span> <span class='ocrx_word' id='word_1_184' title='bbox 237 2454 340 2520; x_wconf 88' lang='lat' dir='ltr'>genus</span> <span class='ocrx_word' id='word_1_185' title='bbox 372 2433 486 2498; x_wconf 91' lang='lat' dir='ltr'>auxilii</span> <span class='ocrx_word' id='word_1_186' title='bbox 518 2437 568 2498; x_wconf 89' lang='lat' dir='ltr'>est</span> <span class='ocrx_word' id='word_1_187' title='bbox 600 2436 634 2497; x_wconf 88' lang='lat' dir='ltr'>et</span> <span class='ocrx_word' id='word_1_188' title='bbox 664 2433 698 2497; x_wconf 92' lang='lat' dir='ltr'>in</span> <span class='ocrx_word' id='word_1_189' title='bbox 727 2453 802 2498; x_wconf 89' lang='lat' dir='ltr'>suos</span> <span class='ocrx_word' id='word_1_190' title='bbox 830 2433 935 2499; x_wconf 87' lang='lat' dir='ltr'>aerius</span> <span class='ocrx_word' id='word_1_191' title='bbox 967 2433 1056 2501; x_wconf 84' lang='lat' dir='ltr'>furit</span> <span class='ocrx_word' id='word_1_192' title='bbox 1100 2434 1135 2500; x_wconf 88' lang='lat' dir='ltr'>In</span> 
     </span>
     <span class='ocr_line' id='line_1_27' title="bbox 76 2521 1135 2607; baseline 0.005 -23"><span class='ocrx_word' id='word_1_193' title='bbox 76 2536 107 2584; x_wconf 80' lang='lat'>17</span> <span class='ocrx_word' id='word_1_194' title='bbox 127 2523 255 2590; x_wconf 83' lang='lat' dir='ltr'>hostem</span> <span class='ocrx_word' id='word_1_195' title='bbox 280 2523 365 2588; x_wconf 89' lang='lat' dir='ltr'>enim</span> <span class='ocrx_word' id='word_1_196' title='bbox 388 2522 538 2607; x_wconf 88' lang='lat' dir='ltr'>imperio,</span> <span class='ocrx_word' id='word_1_197' title='bbox 566 2522 599 2586; x_wconf 92' lang='lat' dir='ltr'>in</span> <span class='ocrx_word' id='word_1_198' title='bbox 628 2543 702 2586; x_wconf 87' lang='lat' dir='ltr'>suos</span> <span class='ocrx_word' id='word_1_199' title='bbox 727 2542 847 2605; x_wconf 84' lang='lat' dir='ltr'>pavore</span> <span class='ocrx_word' id='word_1_200' title='bbox 871 2521 999 2605; x_wconf 72' lang='lat' dir='ltr'>agitur?</span> <span class='ocrx_word' id='word_1_201' title='bbox 1049 2521 1135 2590; x_wconf 83' lang='lat' dir='ltr'>Haeo</span> 
     </span>
     <span class='ocr_line' id='line_1_28' title="bbox 128 2608 1174 2695; baseline 0.003 -19"><span class='ocrx_word' id='word_1_202' title='bbox 128 2613 274 2677; x_wconf 89' lang='lat' dir='ltr'>elocutus</span> <span class='ocrx_word' id='word_1_203' title='bbox 299 2611 439 2676; x_wconf 88' lang='lat' dir='ltr'>eoncitat</span> <span class='ocrx_word' id='word_1_204' title='bbox 462 2632 578 2695; x_wconf 90' lang='lat' dir='ltr'>equum</span> <span class='ocrx_word' id='word_1_205' title='bbox 601 2611 734 2693; x_wconf 92' lang='lat' dir='ltr'>primus.</span> <span class='ocrx_word' id='word_1_206' title='bbox 771 2608 916 2694; x_wconf 89' lang='lat' dir='ltr'>Iamque,</span> <span class='ocrx_word' id='word_1_207' title='bbox 940 2613 977 2675; x_wconf 90' lang='lat' dir='ltr'>ut</span> <span class='ocrx_word' id='word_1_208' title='bbox 1000 2610 1135 2677; x_wconf 77' lang='lat' dir='ltr'>destina</span> <span class='ocrx_word' id='word_1_209' title='bbox 1168 2618 1174 2683; x_wconf 79' lang='grc' dir='ltr'>,ἐ</span> 
     </span>
     <span class='ocr_line' id='line_1_29' title="bbox 127 2695 1174 2782; baseline 0 -17"><span class='ocrx_word' id='word_1_210' title='bbox 127 2704 197 2765; x_wconf 89' lang='lat' dir='ltr'>tum</span> <span class='ocrx_word' id='word_1_211' title='bbox 221 2707 302 2782; x_wconf 88' lang='lat' dir='ltr'>erat,</span> <span class='ocrx_word' id='word_1_212' title='bbox 326 2700 492 2764; x_wconf 87' lang='lat' dir='ltr'>invaserat</span> <span class='ocrx_word' id='word_1_213' title='bbox 514 2699 642 2764; x_wconf 89' lang='lat' dir='ltr'>ordines</span> <span class='ocrx_word' id='word_1_214' title='bbox 664 2697 821 2781; x_wconf 87' lang='lat' dir='ltr'>hostium,</span> <span class='ocrx_word' id='word_1_215' title='bbox 844 2719 916 2762; x_wconf 91' lang='lat' dir='ltr'>oum</span> <span class='ocrx_word' id='word_1_216' title='bbox 940 2695 1069 2764; x_wconf 78' lang='lat' dir='ltr'>Coenus</span> <span class='ocrx_word' id='word_1_217' title='bbox 1093 2700 1135 2765; x_wconf 94' lang='lat' dir='ltr'>in·</span> <span class='ocrx_word' id='word_1_218' title='bbox 1172 2716 1174 2747; x_wconf 75' lang='lat'><strong>²</strong></span> 
     </span>
     <span class='ocr_line' id='line_1_30' title="bbox 76 2784 1136 2872; baseline 0.008 -27"><span class='ocrx_word' id='word_1_219' title='bbox 76 2797 108 2846; x_wconf 86' lang='lat'>18</span> <span class='ocrx_word' id='word_1_220' title='bbox 129 2787 218 2871; x_wconf 91' lang='lat' dir='ltr'>genti</span> <span class='ocrx_word' id='word_1_221' title='bbox 240 2787 272 2852; x_wconf 84' lang='lat' dir='ltr'>vi</span> <span class='ocrx_word' id='word_1_222' title='bbox 299 2787 334 2851; x_wconf 94' lang='lat' dir='ltr'>in</span> <span class='ocrx_word' id='word_1_223' title='bbox 356 2787 484 2851; x_wconf 82' lang='lat' dir='ltr'>laevum</span> <span class='ocrx_word' id='word_1_224' title='bbox 508 2807 608 2851; x_wconf 87' lang='lat' dir='ltr'>cornu</span> <span class='ocrx_word' id='word_1_225' title='bbox 630 2785 801 2852; x_wconf 88' lang='lat' dir='ltr'>invehitur.</span> <span class='ocrx_word' id='word_1_226' title='bbox 839 2784 987 2850; x_wconf 83' lang='lat' dir='ltr'>Phalanx</span> <span class='ocrx_word' id='word_1_227' title='bbox 1011 2807 1136 2872; x_wconf 90' lang='lat' dir='ltr'>quoque</span> 
     </span>
     <span class='ocr_line' id='line_1_31' title="bbox 127 2868 1167 2961; baseline 0 -24"><span class='ocrx_word' id='word_1_228' title='bbox 127 2875 266 2938; x_wconf 89' lang='lat' dir='ltr'>mediam</span> <span class='ocrx_word' id='word_1_229' title='bbox 280 2873 432 2939; x_wconf 89' lang='lat' dir='ltr'>Indorum</span> <span class='ocrx_word' id='word_1_230' title='bbox 451 2875 554 2938; x_wconf 89' lang='lat' dir='ltr'>aciem</span> <span class='ocrx_word' id='word_1_231' title='bbox 567 2893 631 2938; x_wconf 91' lang='lat' dir='ltr'>uno</span> <span class='ocrx_word' id='word_1_232' title='bbox 645 2873 769 2957; x_wconf 90' lang='lat' dir='ltr'>impetu</span> <span class='ocrx_word' id='word_1_233' title='bbox 782 2874 937 2958; x_wconf 87' lang='lat' dir='ltr'>perrupit.</span> <span class='ocrx_word' id='word_1_234' title='bbox 965 2874 1013 2939; x_wconf 87' lang='lat' dir='ltr'>At</span> <span class='ocrx_word' id='word_1_235' title='bbox 1027 2868 1167 2961; x_wconf 69' lang='lat' dir='ltr'>Porusll</span> 
     </span>
     <span class='ocr_line' id='line_1_32' title="bbox 80 2959 1174 3046; baseline 0.005 -22"><span class='ocrx_word' id='word_1_236' title='bbox 80 2975 84 2982; x_wconf 82' lang='lat'>·</span> <span class='ocrx_word' id='word_1_237' title='bbox 129 2982 193 3044; x_wconf 89' lang='lat' dir='ltr'>qua</span> <span class='ocrx_word' id='word_1_238' title='bbox 211 2962 351 3044; x_wconf 89' lang='lat' dir='ltr'>equitem</span> <span class='ocrx_word' id='word_1_239' title='bbox 369 2959 477 3025; x_wconf 81' lang='lat' dir='ltr'>invehi</span> <span class='ocrx_word' id='word_1_240' title='bbox 494 2968 647 3044; x_wconf 84' lang='lat' dir='ltr'>senserat,</span> <span class='ocrx_word' id='word_1_241' title='bbox 665 2960 779 3027; x_wconf 89' lang='lat' dir='ltr'>beluae</span> <span class='ocrx_word' id='word_1_242' title='bbox 796 2961 852 3046; x_wconf 85' lang='lat' dir='ltr'>agi</span> <span class='ocrx_word' id='word_1_243' title='bbox 869 2962 977 3027; x_wconf 90' lang='lat' dir='ltr'>iussit:</span> <span class='ocrx_word' id='word_1_244' title='bbox 1001 2962 1059 3028; x_wconf 91' lang='lat' dir='ltr'>sed</span> <span class='ocrx_word' id='word_1_245' title='bbox 1077 2968 1137 3029; x_wconf 83' lang='lat' dir='ltr'>tar·</span> <span class='ocrx_word' id='word_1_246' title='bbox 1172 3000 1174 3009; x_wconf 87' lang='grc'><strong><em>·</em></strong></span> 
     </span>
     <span class='ocr_line' id='line_1_33' title="bbox 128 3046 1137 3134; baseline 0.004 -22"><span class='ocrx_word' id='word_1_247' title='bbox 128 3048 203 3112; x_wconf 91' lang='lat' dir='ltr'>dum</span> <span class='ocrx_word' id='word_1_248' title='bbox 232 3053 265 3115; x_wconf 91' lang='lat' dir='ltr'>et</span> <span class='ocrx_word' id='word_1_249' title='bbox 290 3068 392 3133; x_wconf 89' lang='lat' dir='ltr'>paene</span> <span class='ocrx_word' id='word_1_250' title='bbox 419 3046 576 3113; x_wconf 90' lang='lat' dir='ltr'>inmobile</span> <span class='ocrx_word' id='word_1_251' title='bbox 603 3047 723 3112; x_wconf 88' lang='lat' dir='ltr'>animal</span> <span class='ocrx_word' id='word_1_252' title='bbox 751 3071 906 3134; x_wconf 91' lang='lat' dir='ltr'>equorum</span> <span class='ocrx_word' id='word_1_253' title='bbox 932 3049 1137 3119; x_wconf 81' lang='lat' dir='ltr'>velocitatem</span> 
     </span>
    </p>
   </div>
   <div class='ocr_carea' id='block_1_3' title="bbox 76 3133 1140 3576">
    <p class='ocr_par' dir='ltr' id='par_1_3' title="bbox 76 3133 1140 3576">
     <span class='ocr_line' id='line_1_34' title="bbox 76 3133 1137 3222; baseline 0.007 -24"><span class='ocrx_word' id='word_1_254' title='bbox 76 3149 112 3198; x_wconf 78' lang='lat'>19</span> <span class='ocrx_word' id='word_1_255' title='bbox 129 3156 266 3219; x_wconf 88' lang='lat' dir='ltr'>aequare</span> <span class='ocrx_word' id='word_1_256' title='bbox 296 3157 364 3202; x_wconf 93' lang='lat' dir='ltr'>non</span> <span class='ocrx_word' id='word_1_257' title='bbox 394 3138 531 3220; x_wconf 86' lang='lat' dir='ltr'>poterat.</span> <span class='ocrx_word' id='word_1_258' title='bbox 585 3133 636 3200; x_wconf 91' lang='lat' dir='ltr'>Ne</span> <span class='ocrx_word' id='word_1_259' title='bbox 664 3136 857 3219; x_wconf 87' lang='lat' dir='ltr'>sagittarum</span> <span class='ocrx_word' id='word_1_260' title='bbox 893 3138 1022 3222; x_wconf 87' lang='lat' dir='ltr'>quidem</span> <span class='ocrx_word' id='word_1_261' title='bbox 1053 3141 1137 3206; x_wconf 89' lang='lat' dir='ltr'>ullus</span> 
     </span>
     <span class='ocr_line' id='line_1_35' title="bbox 130 3221 1139 3312; baseline 0.002 -22"><span class='ocrx_word' id='word_1_262' title='bbox 130 3228 200 3290; x_wconf 89' lang='lat' dir='ltr'>erat</span> <span class='ocrx_word' id='word_1_263' title='bbox 222 3224 369 3289; x_wconf 89' lang='lat' dir='ltr'>barbaris</span> <span class='ocrx_word' id='word_1_264' title='bbox 387 3245 475 3290; x_wconf 88' lang='lat' dir='ltr'>usus.</span> <span class='ocrx_word' id='word_1_265' title='bbox 512 3221 637 3306; x_wconf 84' lang='lat' dir='ltr'>Quippe</span> <span class='ocrx_word' id='word_1_266' title='bbox 656 3222 772 3307; x_wconf 89' lang='lat' dir='ltr'>longas</span> <span class='ocrx_word' id='word_1_267' title='bbox 791 3228 823 3290; x_wconf 88' lang='lat' dir='ltr'>et</span> <span class='ocrx_word' id='word_1_268' title='bbox 840 3246 1052 3312; x_wconf 86' lang='lat' dir='ltr'>praegraves,</span> <span class='ocrx_word' id='word_1_269' title='bbox 1076 3227 1139 3294; x_wconf 88' lang='lat' dir='ltr'>nisi</span> 
     </span>
     <span class='ocr_line' id='line_1_36' title="bbox 128 3312 1139 3401; baseline 0.005 -24"><span class='ocrx_word' id='word_1_270' title='bbox 128 3313 218 3398; x_wconf 91' lang='lat' dir='ltr'>prius</span> <span class='ocrx_word' id='word_1_271' title='bbox 245 3313 279 3376; x_wconf 92' lang='lat' dir='ltr'>in</span> <span class='ocrx_word' id='word_1_272' title='bbox 307 3316 396 3377; x_wconf 88' lang='lat' dir='ltr'>terra</span> <span class='ocrx_word' id='word_1_273' title='bbox 424 3314 606 3377; x_wconf 85' lang='lat' dir='ltr'>statuerent</span> <span class='ocrx_word' id='word_1_274' title='bbox 633 3331 755 3395; x_wconf 89' lang='lat' dir='ltr'>arcum,</span> <span class='ocrx_word' id='word_1_275' title='bbox 781 3312 869 3378; x_wconf 90' lang='lat' dir='ltr'>haud</span> <span class='ocrx_word' id='word_1_276' title='bbox 897 3315 978 3380; x_wconf 88' lang='lat' dir='ltr'>satis</span> <span class='ocrx_word' id='word_1_277' title='bbox 1006 3320 1085 3401; x_wconf 89' lang='lat' dir='ltr'>apte</span> <span class='ocrx_word' id='word_1_278' title='bbox 1109 3320 1139 3382; x_wconf 88' lang='lat' dir='ltr'>ot</span> 
     </span>
     <span class='ocr_line' id='line_1_37' title="bbox 130 3397 1139 3484; baseline 0.002 -15"><span class='ocrx_word' id='word_1_279' title='bbox 130 3401 296 3469; x_wconf 87' lang='lat' dir='ltr'>commode</span> <span class='ocrx_word' id='word_1_280' title='bbox 319 3399 491 3484; x_wconf 84' lang='lat' dir='ltr'>inponunt:</span> <span class='ocrx_word' id='word_1_281' title='bbox 525 3404 595 3466; x_wconf 90' lang='lat' dir='ltr'>tum</span> <span class='ocrx_word' id='word_1_282' title='bbox 623 3397 721 3464; x_wconf 92' lang='lat' dir='ltr'>humo</span> <span class='ocrx_word' id='word_1_283' title='bbox 749 3400 874 3466; x_wconf 92' lang='lat' dir='ltr'>lubrica</span> <span class='ocrx_word' id='word_1_284' title='bbox 902 3406 934 3467; x_wconf 89' lang='lat' dir='ltr'>et</span> <span class='ocrx_word' id='word_1_285' title='bbox 961 3402 1004 3468; x_wconf 91' lang='lat' dir='ltr'>ob</span> <span class='ocrx_word' id='word_1_286' title='bbox 1032 3404 1067 3469; x_wconf 93' lang='lat' dir='ltr'>id</span> <span class='ocrx_word' id='word_1_287' title='bbox 1095 3406 1139 3471; x_wconf 92' lang='lat' dir='ltr'>in·</span> 
     </span>
     <span class='ocr_line' id='line_1_38' title="bbox 116 3486 1140 3576; baseline 0.001 -18"><span class='ocrx_word' id='word_1_288' title='bbox 116 3492 277 3576; x_wconf 85' lang='lat' dir='ltr'>pediente</span> <span class='ocrx_word' id='word_1_289' title='bbox 309 3491 462 3560; x_wconf 88' lang='lat' dir='ltr'>conatum</span> <span class='ocrx_word' id='word_1_290' title='bbox 494 3487 664 3554; x_wconf 87' lang='lat' dir='ltr'>molientes</span> <span class='ocrx_word' id='word_1_291' title='bbox 691 3486 774 3551; x_wconf 88' lang='lat' dir='ltr'>ictus</span> <span class='ocrx_word' id='word_1_292' title='bbox 804 3489 968 3555; x_wconf 87' lang='lat' dir='ltr'>celeritate</span> <span class='ocrx_word' id='word_1_293' title='bbox 995 3491 1140 3559; x_wconf 88' lang='lat' dir='ltr'>hostium</span> 
     </span>
    </p>
   </div>
   <div class='ocr_carea' id='block_1_4' title="bbox 51 3574 1143 3672">
    <p class='ocr_par' dir='ltr' id='par_1_4' title="bbox 51 3574 1143 3672">
     <span class='ocr_line' id='line_1_39' title="bbox 51 3574 1143 3672; baseline 0.006 -33"><span class='ocrx_word' id='word_1_294' title='bbox 51 3590 93 3641; x_wconf 83' lang='lat'>20</span> <span class='ocrx_word' id='word_1_295' title='bbox 111 3588 331 3672; x_wconf 86' lang='lat' dir='ltr'>occupantur.</span> <span class='ocrx_word' id='word_1_296' title='bbox 377 3579 472 3672; x_wconf 82' lang='lat' dir='ltr'>Ergo</span> <span class='ocrx_word' id='word_1_297' title='bbox 486 3579 611 3667; x_wconf 79' lang='lat' dir='ltr'>spreto</span> <span class='ocrx_word' id='word_1_298' title='bbox 631 3574 721 3660; x_wconf 82' lang='lat' dir='ltr'>regis</span> <span class='ocrx_word' id='word_1_299' title='bbox 744 3574 884 3656; x_wconf 69' lang='lat' dir='ltr'>imperio</span> <span class='ocrx_word' id='word_1_300' title='bbox 906 3609 950 3621; x_wconf 93' lang='lat'>—</span> <span class='ocrx_word' id='word_1_301' title='bbox 973 3580 1062 3656; x_wconf 71' lang='lat' dir='ltr'>quot</span> <span class='ocrx_word' id='word_1_302' title='bbox 1076 3582 1143 3645; x_wconf 69' lang='lat' dir='ltr'>texe</span> 
     </span>
    </p>
   </div>
   <div class='ocr_carea' id='block_1_5' title="bbox 0 0 1184 3846">
    <p class='ocr_par' dir='ltr' id='par_1_5' title="bbox 0 0 1184 3846">
     <span class='ocr_line' id='line_1_40' title="bbox 0 0 1184 3846; baseline 0 0"><span class='ocrx_word' id='word_1_303' title='bbox 0 0 1184 3846; x_wconf 95' lang='lat' dir='ltr'> </span> 
     </span>
    </p>
   </div>
  </div>
 </body>
</html>
