2356 3846
132 154 200 220 274
508 155 540 222 Q.
559 153 670 211 OURTI
688 153 776 210 RUFI

133 320 266 367 suorum
298 300 387 365 mala
419 297 613 386 Sisigambis
648 321 715 365 una
751 298 909 384 capiebat.
953 297 1019 363 Illa
1054 320 1154 385 suam,

132 391 192 455 illa
217 390 365 475 neptium
388 389 493 455 vicem
516 388 624 454 flebat.
673 387 801 454 Recens
823 388 915 454 dolor
939 388 1042 453 etiarn
1066 408 1153 473 prae

131 480 232 545 terita
259 481 476 544 revocaverat.
522 473 677 543 Crederes
705 477 801 543 modo
829 477 986 543 amissum
1008 476 1153 544 Dareum

133 571 166 633 et
187 567 312 652 pariter
335 568 473 633 miserae
500 566 637 632 duorum
658 565 799 631 filiorum
823 566 976 651 exequiae
1001 587 1077 632 esse
1099 566 1151 632 du·

78 667 114 718 22
133 657 260 723 condas.
300 654 419 722 Flebat
441 655 538 721 simul
562 658 709 721 mortuos
732 655 898 740 vivosque.
937 654 1044 732 Quem
1066 655 1149 721 enim

131 745 315 830 puellarum
338 749 486 812 acturum
507 766 580 811 esse
603 743 738 809 curam?
762 766 858 830 quem
881 743 983 809 alium
1005 743 1148 810 futurum

132 834 379 899 Alexandrum?
403 834 526 899 iterum
548 855 619 899 esse
643 855 677 899 se
700 837 828 918 captas,
854 833 974 898 iterum
997 832 1147 899 excidisse

131 944 243 1010 regno.
288 922 351 999 uui
376 925 505 989 mortuo
528 921 636 988 Dareo
659 921 748 1007 ipsas
772 926 934 1006 tueretur,
960 922 1144 1007 repperisse,

133 1013 189 1098 qui
207 1015 284 1097 post
300 1011 523 1077 Alexandrum
540 1011 727 1096 respiceret,
744 1012 855 1097 utique
874 1032 941 1080 non
956 1014 1141 1096 reperturus.

77 1110 112 1160 aa
132 1099 272 1167 Subibat
292 1101 379 1166 inter
400 1100 482 1166 haec
504 1100 663 1184 animum,
684 1118 781 1166 nxxx
804 1100 924 1166 fratres
945 1122 1023 1167 suos
1042 1100 1139 1167 eodem

132 1189 184 1255 die
210 1190 251 1255 ab
276 1188 380 1274 Ocho,
408 1189 597 1254 saevissimo
621 1206 750 1275 regum,
771 1188 954 1255 trucidatos
978 1188 1138 1257 adiectum·

133 1300 195 1364 que
219 1278 323 1363 stragi
345 1281 397 1343 tot
419 1278 562 1342 filiorum
580 1280 721 1362 patrem:
744 1301 762 1344 e
781 1282 907 1364 septem
925 1278 1050 1364 liberis,
1072 1298 1136 1363 quoe

132 1367 301 1454 genuisset
321 1366 407 1450 ipsa,
429 1388 529 1431 unum
552 1386 736 1451 superesse:
758 1367 868 1451 ipsum
890 1367 1037 1433 Dareum
1058 1367 1135 1433 floru-

77 1465 113 1515 24
132 1457 197 1522 isse
220 1455 399 1541 paulisper,
424 1459 464 1520 ut
485 1455 647 1521 crudelius
674 1460 787 1540 posset
810 1456 966 1541 extingui.
1003 1456 1055 1523 Ad
1075 1453 1134 1521 ulti·

132 1565 222 1610 mum
249 1544 357 1610 dolori
384 1544 554 1610 succubuit
585 1543 806 1630 obvolutoque
835 1545 942 1629 capite
968 1544 1133 1647 accidentes

59 1684 113 1781 εὖ
131 1633 360 1788 ttttttt
381 1634 1133 1807 littmtttttttttttttbtttt

132 1811 184 1876 die
212 1811 354 1876 extincta
383 1815 442 1877 est.
487 1810 644 1896 Magnum
671 1811 818 1895 profecto
842 1810 1021 1879 Alexandri
1046 1807 1132 1877 indul·

132 1899 262 1985 gentiae
290 1900 323 1965 in
351 1921 422 1965 eam
450 1899 658 1984 iustitiaeque
684 1900 721 1965 in
744 1920 856 1966 omnes
880 1901 1027 1985 captivos
1058 1900 1132 1966 door

131 1992 278 2053 mentum
304 1991 356 2054 est
382 2010 470 2054 mors
493 1987 604 2072 huius,
636 2008 719 2073 quae
746 2010 820 2054 cum
843 1990 1056 2057 sustinuisset
1075 1986 1132 2074 poet

77 2087 113 2137 ae
132 2077 276 2142 Dareum
298 2077 416 2157 vivere,
438 2075 625 2143 Alexandro
648 2099 720 2146 esse
743 2081 907 2162 superstes
931 2078 1069 2144 erubuit
1098 2072 1132 2141 Et

131 2165 261 2230 hercule
280 2165 366 2231 iuste
382 2165 636 2231 aestimantibus
653 2185 765 2252 regem
783 2167 896 2252 liquet,
913 2167 1003 2235 bona
1015 2171 1132 2234 naturae

77 2264 112 2314 2'1
133 2254 202 2320 eius
225 2253 339 2338 fuisse,
364 2254 446 2320 vitia
468 2255 521 2320 vel
543 2253 696 2321 fortunae
717 2255 770 2321 vel
792 2255 921 2323 aetatis.
966 2255 1028 2322 Vis
1050 2256 1133 2322 incre

132 2342 243 2408 dibilis
277 2342 391 2427 animi,
427 2342 550 2408 laboris
581 2343 743 2427 patientia
775 2344 1012 2430 propemodum
1041 2343 1134 2425 nimia,

130 2430 291 2498 fortitudo
322 2452 389 2496 non
416 2431 621 2517 interreges
649 2432 746 2499 modo
773 2433 949 2513 excellens,
981 2434 1039 2499 sed
1064 2434 1135 2499 inter

77 2529 112 2580 28
132 2520 207 2586 illos
229 2540 368 2605 quoque,
395 2541 532 2606 quorum
550 2521 632 2586 haec
650 2522 721 2587 sola
739 2521 845 2587 -virtus
871 2522 949 2607 fuit,
972 2522 1135 2589 liberalitas
1171 2554 1174 2581 ε

133 2631 230 2693 saepe
262 2609 388 2674 maiora
416 2609 606 2695 tribuentis,
640 2631 738 2695 quam
766 2633 787 2676 a
809 2610 859 2676 dis
884 2615 1058 2697 petuntur,
1086 2610 1135 2677 cle

131 2697 256 2764 mentia
274 2698 309 2763 in
327 2698 472 2764 devictos
491 2735 534 2745 -
552 2701 605 2764 tot
622 2720 724 2786 regna
744 2702 802 2765 aut
819 2699 954 2786 reddita
976 2701 1091 2787 quibus
1106 2718 1137 2765 aa

78 2796 113 2847 29
131 2787 318 2872 dempserat
335 2787 432 2871 bello,
455 2791 512 2853 aut
530 2787 616 2853 dono
634 2788 712 2854 data
726 2811 784 2854 -ε
798 2789 924 2872 mortis,
941 2790 1034 2857 cuius
1047 2791 1137 2857 metu

133 2881 258 2942 ceteros
276 2876 454 2960 exanimat,
476 2879 637 2962 perpetua
655 2878 868 2963 contemptio,
887 2878 1015 2964 gloriae
1032 2876 1137 2945 laudis·

134 2985 196 3049 que
218 2968 256 3029 ut
278 2965 365 3031 iusto
388 2965 493 3031 maior
516 2965 648 3052 cupido,
675 2966 724 3032 ita
745 2967 780 3033 in
801 2965 919 3033 iuvene
935 2970 972 3035 et
993 2968 1030 3035 in
1049 2965 1137 3035 motis

80 3062 115 3113 80
132 3074 194 3119 nec
216 3053 405 3120 admiranda
426 3054 538 3120 rebus:
568 3055 635 3120 iam
657 3055 764 3140 pietas
787 3054 866 3143 e'rga
887 3060 1055 3143 parentes,
1074 3074 1138 3141 que

132 3162 206 3207 rum
238 3140 433 3228 Olympiada
466 3144 708 3210 immortalitati
740 3166 929 3213 consecrare
956 3145 1138 3221 decreverat,

78 3240 113 3290 31
132 3229 323 3315 Philippum
358 3233 447 3298 ultus
485 3237 569 3318 erat,
605 3233 673 3298 iam
708 3232 744 3299 in
780 3256 893 3301 omnes
928 3234 999 3303 fere
1031 3233 1138 3301 amicae

132 3319 335 3406 benignitas,
367 3343 446 3408 erga
476 3323 599 3388 milites
628 3323 863 3410 benivolentia,
893 3325 1068 3391 consilium
1090 3338 1140 3409 pu

125 3409 352 3496 magnitudini
376 3412 477 3476 animi
499 3416 547 3496 et,
569 3415 725 3498 quantam
747 3413 801 3478 vix
820 3416 953 3497 poterat
973 3417 1066 3481 actu
1081 3411 1138 3479 ein

54 3502 96 3551 32
115 3519 249 3584 capere,
286 3501 458 3570 sollertia:
487 3504 557 3570 iura
582 3501 702 3570 modus
725 3502 973 3567 immediatorum
995 3500 1139 3588 cupidita

103 3589 189 3678 tum,
219 3590 369 3665 Veneris
398 3595 495 3665 intra
518 3594 679 3664 naturale
703 3590 902 3658 desiderium
917 3610 1002 3655 usus
1015 3587 1153 3655 naemu
