2356 3846
402 757 450 857 Q.
477 755 669 839 OURTI
702 755 855 838 RUFI

500 908 754 965 HISTORIARUM

265 1073 705 1170 ALEXANDRI
745 1071 994 1168 MAGNI

480 1261 772 1329 MACEDONIS

532 1419 642 1474 LIBER
659 1419 719 1475 VII.

564 1561 642 1628 One.
664 1562 690 1628 I.

88 1703 102 1751 1
210 1688 366 1753 Philotan
397 1687 481 1751 sicut
512 1685 694 1751 recentibus
722 1686 854 1750 sceleris
886 1686 955 1752 eius
982 1688 1159 1774 vestigiisl

122 1780 192 1845 iure
216 1778 377 1841 adfectum
400 1775 560 1858 supplicio
584 1778 775 1839 censuerant
797 1774 932 1857 milites,
958 1775 1020 1860 ita,
1046 1781 1133 1861 post

124 1887 220 1951 quam
244 1865 383 1930 desierat
405 1885 488 1945 esse,
511 1883 604 1945 quem
629 1863 784 1945 odissent,
809 1862 930 1927 invidia
952 1863 988 1928 in
1009 1865 1134 1929 miseri-

87 1969 103 2017 2
124 1954 266 2020 cordiam
288 1951 393 2016 vertit.
438 1949 585 2015 Moverat
612 1955 645 2014 et
671 1951 803 2016 claritas
825 1950 951 2016 iuvenis
973 1955 1007 2016 ct
1029 1953 1134 2037 patris

88 2057 104 2104 3
123 2043 192 2107 eius
212 2043 360 2105 senectus
382 2043 478 2122 atque
502 2039 635 2103 orbitas.
674 2038 802 2103 Primus
824 2039 939 2104 Asiam
962 2046 1135 2124 aperuerat

123 2130 207 2214 regi:
231 2129 376 2193 omnium
397 2126 614 2210 periculorum
638 2126 705 2190 eins
728 2127 891 2210 particeps
911 2149 1040 2212 semper
1059 2131 1135 2195 alte-

123 2241 195 2284 rum
217 2218 253 2281 in
275 2217 343 2281 acie
371 2237 470 2281 cornu
496 2214 696 2293 defenderat,
724 2214 875 2299 Philippo
904 2238 1033 2301 qnoque
1059 2222 1134 2283 ente

124 2328 236 2372 omnes
264 2305 386 2369 amicus
414 2307 448 2367 et
474 2303 538 2386 ipsi
564 2302 748 2368 Alexandro
774 2308 843 2368 tarn
870 2303 966 2389 fidus,
994 2309 1031 2370 ut
1054 2307 1134 2371 occi·

88 2395 219 2460 edendi
241 2394 390 2457 Attalum
412 2413 479 2456 non
506 2390 570 2455 alio
593 2392 743 2456 ministro
767 2391 816 2455 uti
838 2393 959 2458 mallet.
1007 2392 1136 2460 Horum

124 2483 282 2569 cogitatio
306 2481 436 2546 subibat
457 2472 635 2545 exercitum'
651 2480 887 2564 seditiosaeque
905 2502 1000 2546 voces
1018 2484 1136 2548 refere-

124 2573 243 2637 bantur
261 2570 302 2635 sd
319 2590 438 2654 regern,
475 2568 553 2644 Quis
572 2568 627 2632 ille
646 2569 733 2634 haud
756 2591 833 2633 sane
857 2573 965 2634 motus
989 2572 1136 2656 satisque

124 2660 280 2743 prudens,
313 2658 371 2723 otii
398 2657 478 2722 vitia
501 2657 636 2741 negotio
665 2658 796 2740 discuti,
823 2658 931 2740 edicit,
958 2662 996 2722 ut
1023 2681 1136 2725 omnes

91 2749 162 2811 cin
190 2747 348 2811 vestibulo
377 2746 486 2828 regiae
512 2749 642 2828 praesto
670 2747 745 2810 sint.
792 2746 878 2822 Quos
908 2747 963 2811 ubi
986 2746 1136 2831 frequen-

125 2839 174 2898 tes
208 2834 319 2898 adesse
351 2833 517 2918 cognorit,
546 2833 580 2895 in
613 2833 795 2898 contionem
822 2835 989 2917 processit
1039 2835 1136 2902 Haud

125 2922 221 2985 dubie
240 2943 278 2985 ex
297 2921 466 3006 conposito
484 2919 658 2984 Atharrias
675 2922 839 3002 postulare
857 2924 977 3007 coepit,
999 2927 1037 2988 ut
1050 2923 1137 3008 Lyn-

126 3014 230 3074 cestes
245 3009 434 3087 Alexander,
453 3009 508 3092 qui
526 3008 629 3071 multo
648 3012 723 3071 ante
742 3030 840 3092 quam
858 3010 1004 3076 Philotas
1023 3034 1137 3096 regern

91 3097 283 3163 evoluisset
311 3098 467 3174 occidere,
499 3095 710 3160 exhiberetur.
756 3098 786 3162 A
813 3098 937 3164 duobus
965 3100 1137 3184 indicibus,

127 3188 211 3250 sicut
229 3206 326 3268 supra
345 3185 492 3268 diximus,
515 3183 640 3249 delatus
657 3183 790 3249 tertium
808 3186 874 3250 iam
895 3210 1013 3253 annum
1032 3195 1137 3256 custo·

127 3274 275 3339 diebatur
297 3273 333 3337 in
350 3275 497 3338 vinculis.
538 3271 685 3336 Eundem
703 3272 737 3335 in
754 3271 898 3358 Philippi
922 3299 1048 3361 quoque
1067 3300 1135 3343 eae·

123 3364 196 3426 dem
222 3361 407 3427 coniurasse
432 3382 504 3426 cum
526 3359 689 3424 Pausania
710 3382 769 3444 pro
798 3367 950 3445 conperto
978 3366 1054 3450 uit,
1082 3367 1136 3432 sed

107 3451 188 3530 quia
205 3453 342 3535 prr'mus
365 3449 594 3520 Alexandrum
612 3469 725 3535 regem
741 3448 955 3534 salutauerat,
976 3455 1135 3536 supplicio
