2356 3846
515 215 863 281 -20—·

63 373 104 438 31
205 374 267 440 His
301 397 376 441 vero
408 375 444 440 in
472 375 568 440 eorde
595 397 653 442 suo
683 375 779 440 dictis
807 373 936 440 Helena
966 377 1137 442 euoenium

45 462 48 467 ’
115 465 319 550 praedictum
338 466 376 529 de
395 486 495 529 manu
512 486 613 530 nurus
632 485 710 529 suae
728 465 852 548 recepit
869 465 1042 550 ipsumque
1061 472 1138 550 post

115 554 196 620 haec
222 576 290 618 non
317 555 431 619 multis
459 554 579 637 elapsis
608 553 723 618 diebus
750 552 901 618 vendidit
927 575 988 637 pro
1016 573 1138 638 magna

115 644 272 726 pecuniae
299 643 495 727 quantitate,
524 642 564 706 de
591 642 680 708 cuius
709 641 839 726 quidem
861 643 1020 725 pecuniae
1043 648 1137 727 parte

115 753 217 796 unum
245 731 461 815 domicilium,
487 732 523 794 in
550 753 613 815 quo
639 753 697 814 per
721 731 833 814 aliqua
854 733 1006 814 tempora
1028 731 1161 816 hospi-s

115 821 199 885 tium
222 820 355 885 advenis
373 821 480 885 tenuit
499 823 532 884 et
552 819 698 904 hospites
718 820 982 902 supervenientes
1005 821 1139 906 recepit,

116 910 328 992 comparavit
378 909 424 974 Et
457 909 503 973 sio
533 909 622 974 facta
656 908 852 991 stabularia,
888 930 924 973 se
957 909 1076 974 exinde
1108 914 1139 974 et

115 1020 234 1063 nurum
267 1020 359 1062 suam
390 1020 456 1062 une
488 1019 561 1062 eum
593 997 661 1062 filio
695 1018 753 1063 suo
787 998 945 1062 enutrivit
977 996 1138 1064 decenter.

116 1084 226 1151 Nurus
254 1108 331 1151 vero
360 1086 504 1151 Helenae
532 1087 568 1150 in
594 1089 726 1152 textura
758 1107 895 1170 operum
926 1086 1137 1153 muliebrium

116 1178 382 1260 sumptuosorum
397 1179 430 1240 et
443 1175 605 1240 nobilium
625 1174 798 1239 secundum
817 1175 904 1259 quod
918 1197 1012 1240 suam
1032 1175 1137 1241 decuit
1148 1193 1168 1234 u

44 1343 47 1348 ¹
117 1263 338 1329 condicionem
362 1286 450 1328 more
475 1263 697 1328 subtilitatum
720 1261 875 1329 Graeciae
902 1264 987 1328 bene
1010 1263 1136 1329 erudita

116 1353 238 1417 bonam
255 1352 427 1435 pecuniam
446 1352 484 1416 de
503 1352 615 1417 labore
630 1373 786 1417 manuum
804 1351 936 1417 cottidie
951 1353 1136 1419 lucrabatur

117 1445 151 1505 et
172 1440 318 1505 Helenae
336 1444 499 1525 'tanquam
523 1463 600 1505 suae
628 1440 778 1505 dominae
807 1440 982 1506 oboediens
1007 1445 1043 1506 et
1065 1442 1134 1507 sub-

116 1529 202 1594 iecta
226 1530 362 1613 obsequi
380 1552 446 1596 non
469 1529 708 1614 dedignabatur
726 1529 762 1594 in
780 1530 933 1594 omnibus
953 1534 988 1596 et
1008 1531 1134 1596 servire.

63 1612 107 1678 32
206 1616 441 1684 Constantinus
457 1621 566 1684 autem
585 1640 662 1683 suae
680 1639 817 1700 sequens
835 1618 1023 1684 nobilitatis
1043 1619 1161 1704 origi-1⁵

117 1729 206 1786 nem,
235 1729 333 1791 quem
360 1710 472 1772 tamen
498 1708 630 1791 penitus
658 1707 836 1791 ignoravit,
859 1729 893 1771 se
918 1729 958 1771 ex
981 1708 1134 1773 instinctu

118 1796 272 1880 quodam,
301 1817 396 1879 quem
425 1796 489 1861 sibi
515 1801 634 1861 natura
668 1816 707 1859 ex
733 1795 840 1861 nobili
872 1796 1034 1882 sauguine
1065 1819 1134 1881 pro·

118 1888 228 1949 create
259 1884 506 1968 ingeminavit,
535 1885 576 1949 ad
600 1888 693 1949 aetus
716 1884 877 1950 militares
900 1907 935 1949 sc
960 1884 1060 1951 dedit.
1094 1884 1134 1950 Et

119 1973 155 2035 in
176 1975 306 2038 tantum
329 1973 365 2037 in
387 1973 575 2038 hastiludiis
598 1976 631 2039 et
652 1973 890 2038 torneamentis
908 1978 942 2039 et
961 1973 1037 2038 aliis
1057 1973 1134 2039 mili·

117 2061 245 2126 taribus
269 2062 396 2126 actibus
421 2084 455 2126 se
475 2084 623 2128 exercere
643 2063 763 2144 coepit,
788 2061 874 2146 quod
896 2062 1032 2128 taudem
1055 2064 1163 2129 iners

119 2171 230 2215 omnes
260 2150 383 2215 milites
412 2154 445 2215 et
472 2151 613 2234 nobiles,
641 2172 780 2234 quorum
806 2155 886 2216 tunc
914 2152 1075 2236 temporis
1104 2151 1135 2216 iu

117 2237 225 2302 Roma
258 2241 328 2303 erat
360 2244 394 2303 et
431 2239 565 2304 cottidie
598 2239 637 2303 de
665 2239 815 2304 omnibus
846 2241 959 2305 mundi
991 2240 1135 2324 pertibus

118 2326 240 2391 ibidem
269 2326 453 2392 confluebat
480 2327 728 2393 innumerabilis
757 2327 865 2412 copia,
892 2329 949 2413 qui
972 2350 1008 2394 se
1029 2329 1136 2395 huius·

118 2416 208 2480 modi
232 2415 361 2481 solaciis
380 2416 534 2482 continue
552 2416 756 2499 exercebant,
778 2419 906 2482 tantam
924 2417 1050 2482 famam
1067 2439 1136 2484 con·

119 2504 236 2587 traxit,
260 2505 346 2589 quod
369 2506 479 2571 nullus
502 2506 537 2570 in
559 2506 640 2571 urbe
658 2503 765 2570 Roma
784 2502 1001 2572 Constantino
1025 2507 1164 2573 melior&

120 2593 312 2658 credebatur
335 2595 371 2658 in
393 2595 515 2660 talibus
539 2593 689 2659 inveniri.

66 2676 110 2740 33
210 2680 356 2747 Tandem
388 2681 600 2748 Constantius
637 2683 817 2766 imperator
847 2681 1017 2749 Romanus
1056 2684 1136 2751 diem

118 2769 239 2834 natalis
264 2770 315 2834 sui
338 2792 377 2835 ex
400 2792 491 2835 more
511 2790 612 2854 agere
629 2771 744 2837 volens
763 2771 895 2836 vocavit
918 2793 1031 2838 omnes
1053 2795 1137 2839 sena·

119 2862 222 2942 tores,
248 2859 413 2941 tribunos,
437 2859 642 2924 centuriones
671 2862 704 2923 et
731 2859 853 2925 milites
876 2862 909 2924 et
939 2861 991 2926 die
1015 2866 1137 2929 stabile

120 2946 292 3010 sollemnia
309 2947 430 3012 natalis
450 2948 501 3012 sui
518 2950 556 3012 ut
574 2952 785 3014 consueverat
800 2949 986 3015 celebravit.
1017 2949 1060 3017 Iu
1073 2951 1165 3036 qui-³¹

119 3032 182 3097 bus
218 3035 303 3098 inter
341 3039 449 3100 cetera
485 3036 736 3102 hastiludiorum
773 3041 806 3102 et
842 3042 1139 3107 torneamentorum

195 3260 291 3341 lnHiis
310 3263 387 3343 codd.
496 3270 512 3318 3
531 3278 635 3334 magna
651 3262 774 3332 pecunia
792 3263 952 3332 quantitate
971 3266 1014 3334 D,
1038 3283 1138 3341 magno

122 3347 244 3403 pecunia
262 3334 422 3402 quantrtate
442 3335 478 3390 F.
552 3341 642 3402 equa
660 3335 698 3390 D.
772 3339 804 3389 12
822 3335 941 3392 cottidie
955 3338 1036 3394 codd.
1108 3344 1138 3395 17

114 3408 230 3508 sagvae
243 3421 281 3478 F.
364 3429 397 3480 18
417 3440 446 3511 se
465 3441 515 3481 om.
534 3424 572 3477 D.
659 3429 693 3478 22
713 3423 831 3478 cottidie
850 3425 926 3480 codd.
1014 3433 1049 3510 2]
1068 3427 1141 3487 mem

101 3495 216 3554 natalis
234 3514 281 3554 sur
302 3498 382 3558 codd.
399 3499 483 3573 (dum
496 3497 619 3556 coloten
633 3494 766 3566 acures
834 3495 1053 3566 rosellenses
1065 3498 1140 3557 codd.
