2356 3846
503 182 725 248 ..26-

103 345 205 408 istam
227 343 342 408 horam
372 343 421 408 ita
444 344 620 426 occultavi,
647 343 734 427 quod
762 343 860 408 homo
888 343 1002 408 vivens
1027 363 1126 426 super

105 437 228 498 terram
259 454 426 517 nunquam
459 433 563 498 scivit.
607 432 653 497 Et
684 433 763 498 licet
796 454 890 497 casus
917 431 1125 496 necessitatis

106 521 235 605 saepius
259 522 388 587 affuerit
409 543 575 606 nunquam
597 524 710 586 tamen
732 543 771 586 ea
792 521 930 586 vendere
954 519 1047 585 volui
1070 519 1127 585 sed

106 610 142 673 in
168 610 393 676 testimonium
421 610 543 676 doloris
571 611 636 675 mei
665 615 698 675 εὴ
722 610 942 697 paenitentiae
964 630 1071 692 usque
1093 608 1129 673 in

106 698 192 763 diem
215 698 316 764 divini
339 700 449 764 iudicii
472 703 585 765 contra
608 721 666 764 vos
689 721 856 765 reservare
879 695 1027 764 decrevi'.
1140 714 1153 756 ὁ

50 784 98 848 40
196 787 381 872 Imperator
398 793 508 853 autem
526 787 578 853 his
596 789 694 853 rebus
712 789 791 854 visis
810 792 934 854 etcum
953 787 1129 872 diligentia

105 876 236 941 intuitis
265 879 373 961 eoepit
397 900 452 942 eas
475 878 580 961 magis
605 899 643 942 ac
665 878 773 962 magis
795 898 930 942 noscere
953 880 989 941 et
1012 875 1128 940 exinde

105 986 175 1029 rem
199 969 327 1050 gestam
351 966 393 1031 ad
416 966 605 1031 memoriam
628 986 780 1032 revocare
803 967 893 1031 etin
916 987 953 1030 eo
978 964 1127 1030 mulieris

107 1053 303 1136 sapientiam
326 1059 360 1120 et
381 1055 589 1120 nobilitatem
612 1055 647 1118 in
670 1056 779 1120 animo
799 1077 857 1120 suo
879 1055 1020 1120 multum
1045 1075 1129 1119 com·

106 1142 271 1209 mendara.
302 1143 348 1208 Et
364 1144 490 1208 irruens
508 1144 543 1208 in
561 1144 668 1227 ipsam
688 1145 891 1228 amplexatus
909 1147 942 1208 et
960 1143 1161 1208 osculatus1⁰

108 1235 159 1296 est
187 1254 259 1297 eam
287 1233 410 1297 dicens:
452 1231 549 1297 ‘Vere
578 1233 746 1317 sanguinis
773 1232 930 1297 nobilitas
958 1231 1128 1315 praeclari,

107 1319 146 1384 de
174 1341 238 1403 quo
267 1324 301 1385 te
328 1324 534 1404 procreatam
563 1343 631 1386 non
661 1321 861 1406 dubitamus,
890 1320 954 1386 tibi
982 1321 1052 1385 tale
1079 1341 1127 1385 sa·

104 1408 250 1492 pientiae
280 1410 453 1475 consilium
480 1411 598 1475 indidit
624 1415 658 1475 et
684 1410 910 1475 nobilissimae
932 1408 1126 1474 honestatis

106 1495 176 1562 Nee
209 1497 279 1562 sine
312 1499 446 1563 deorum
478 1498 668 1563 sublimium
700 1499 914 1582 dispositione
946 1498 1026 1563 talis
1055 1518 1125 1563 con-

106 1586 236 1651 cubitus
260 1587 405 1652 aceidere
427 1588 536 1671 potuit
558 1587 597 1652 de
621 1610 684 1672 quo
707 1588 786 1653 talis
809 1587 918 1672 proles
938 1589 1157 1652 nasceretur

108 1678 141 1738 et
165 1680 355 1758 sequeretur
378 1676 580 1760 coniugium,
607 1677 693 1760 quod
719 1677 805 1740 inter
833 1675 938 1741 filium
962 1697 1073 1741 meum
1095 1677 1127 1739 et

107 1763 315 1846 imperatoris
337 1765 424 1829 tanti
446 1765 549 1829 filiam
572 1769 623 1830 est
642 1768 858 1848 contractum3
883 1768 1019 1848 oportet
1042 1763 1126 1828 enim

106 1853 144 1915 ut
163 1851 250 1935 quod
268 1853 329 1917 diis
344 1853 591 1937 disponentibus
610 1853 734 1938 placuit
748 1854 846 1918 finem
859 1853 1127 1937 praeordinatum

108 1940 287 2006 sortiatur'.

51 2026 95 2089 41
196 2028 242 2094 Et
260 2051 433 2094 conversus
453 2031 492 2095 ad
513 2028 763 2096 Constantinum
786 2031 871 2095 dixit
889 2031 932 2094 ei:
957 2029 1033 2107 ‘Qui
1053 2032 1161 2095 sunta

107 2116 144 2180 hi
170 2122 381 2202 mercatores,
409 2119 465 2202 qui
492 2123 620 2183 tantum
648 2120 773 2184 facinus
801 2121 837 2183 in
864 2119 1066 2204 vituperium
1098 2121 1129 2183 et

108 2206 288 2271 laesionem
315 2207 494 2290 imperialis
522 2208 707 2272 maiestatis
730 2208 933 2273 committere
963 2229 1129 2292 praesum·

107 2298 257 2378 pserunt,
278 2298 316 2358 ut
340 2295 403 2359 sibi
427 2295 487 2360 sub
510 2298 579 2360 tarn
601 2296 725 2360 nefario
750 2296 859 2361 colore
881 2297 968 2360 tanti
992 2297 1131 2380 impera-

106 2383 189 2447 toris
216 2383 320 2448 filiam
347 2387 417 2447 tam
443 2384 589 2449 nobilem
616 2389 748 2468 tamque
780 2384 985 2469 praeclaram
1019 2385 1132 2450 matri·

107 2471 294 2536 monialiter
330 2473 482 2556 copulare
516 2473 749 2556 procurarent?
804 2472 899 2557 Ipsos
937 2478 974 2538 ut
1012 2473 1131 2559 dignos
1144 2488 1166 2530 ἥ

107 2560 271 2643 supplicio
309 2564 343 2624 et
380 2563 485 2626 morte
521 2562 713 2644 turpissima
755 2561 938 2627 damnando
974 2583 1034 2646 per
1072 2563 1132 2627 im-

108 2647 266 2731 perialem
285 2651 432 2713 nostram
452 2649 648 2713 sententiam
667 2650 846 2714 iudicamus
863 2654 897 2715 et
916 2651 1004 2715 bona
1018 2672 1133 2716 eorum

107 2736 273 2818 quaelibet
287 2736 424 2800 mobilia
438 2739 471 2800 et
485 2735 668 2801 immobilia
683 2737 919 2804 confiscamus'.
950 2739 997 2804 Et
1016 2740 1133 2806 statim

107 2823 242 2888 mittens
271 2823 376 2887 dictos
402 2826 599 2887 mercatores
628 2826 701 2909 capi
728 2828 896 2892 mandavit
925 2831 959 2892 et
985 2827 1069 2894 fecit
1096 2850 1134 2893 ae

107 2910 195 2975 bona
221 2912 367 2995 ipsorum
394 2910 584 2975 confiscavit
611 2915 644 2975 et
669 2915 846 2980 confiscata
875 2917 987 2981 omnia
1010 2921 1046 2981 et
1070 2918 1165 2982 sines

108 2998 187 3082 gula
214 2998 358 3062 Helenae
387 3019 426 3062 ao
452 2996 668 3064 Constantino
694 3001 764 3066 filio
791 3025 850 3068 suo
879 3008 913 3069 εὴ
941 3005 1012 3070 eius
1037 3005 1133 3072 uxori

108 3086 245 3150 tradidit
280 3086 486 3170 integraliter
523 3090 557 3150 et
592 3086 735 3154 donavit.
780 3090 980 3158 Mercatores
1019 3099 1132 3161 autem

180 3248 198 3296 4
216 3239 411 3294 testimonium
429 3241 472 3307 D,
490 3241 691 3294 testamentum
710 3243 746 3296 F.
824 3247 915 3301 chiis
935 3251 1013 3306 codd.
1100 3257 1132 3306 14

109 3312 170 3368 sine
188 3313 300 3382 sorbet,
318 3310 394 3366 absit
411 3312 488 3366 codd.
576 3315 609 3364 18
628 3310 842 3380 disponentibus
862 3319 905 3385 D,
926 3321 1132 3391 omnipotenti·
1159 3381 1163 3391 ,

87 3384 213 3514 ceppini}
284 3389 317 3439 21
338 3380 381 3437 hii
400 3382 476 3439 codd.
545 3386 579 3435 23
598 3380 734 3449 nephario
749 3387 824 3440 codd.
894 3396 929 3444 26
949 3390 1132 3462 dampnando
