2356 3846
156 108 161 113 ⁸
254 151 508 209 mercenaria
526 151 841 222 namuurum
1005 151 1070 216 103

54 297 204 383 petimus,
225 296 424 381 praefectum
445 296 587 385 regionis
610 295 679 361 cius
701 293 838 360 Bessum
859 314 969 380 regem
989 298 1069 358 tem-

54 385 144 470 poris
167 385 273 470 gratia
294 389 482 450 emittamus:
504 384 594 449 robus
615 383 792 466 conpositis
814 383 900 448 iusto
905 382 1023 483 ,regit
1008 383 1069 447 tibi

21 473 258 539 'ifiduoiarium
298 473 446 537 restituet
482 470 679 556 imperium!¹
735 469 832 536 Haud
868 470 985 535 mirum
1021 475 1104 541 esto

55 561 199 627 Dareum
224 582 291 626 non
312 564 510 645 temperasse
532 561 654 643 animo,
685 581 893 644 quamquam,
920 558 1020 623 tam
1010 579 1069 623 nn·

56 649 253 802 Ριῗιιὲἔι
259 653 424 819 tritt
442 645 1069 849 ttettsststttidttr

55 825 118 889 tibi
139 827 281 907 tempus,
303 845 366 907 quo
389 822 597 908 parricidium
619 821 784 906 aperiresi'
808 823 984 906 strictoque
1006 824 1068 887 aci-
1089 845 1123 892 10

56 933 138 977 nuce
164 912 390 979 interfecturus
418 932 492 977 eum
518 911 648 979 videbat
633 915 704 995 tur,
734 910 771 975 ni
791 932 927 994 propere
949 909 1069 977 Bessus

55 999 165 1069 Βιιοι1
139 1000 299 1100 uanique,
343 1019 433 1081 quasa
469 999 733 1083 deprecarentur,
776 999 920 1065 tristium
955 999 1069 1082 specie,

57 1090 225 1169 ceterum,
252 1087 280 1151 si
314 1090 547 1171 perseveraret,
582 1087 734 1171 vincturi,
775 1085 1069 1152 circumstetissent.

56 1137 264 1241 Nabarzanes
282 1174 412 1239 interim
430 1176 567 1260 clapsus,
588 1178 714 1241 moret
699 1173 846 1240 tBessus
864 1178 1068 1240 consecutus·
1090 1194 1121 1242 11

56 1263 181 1347 copias,
212 1263 328 1346 quibus
354 1267 539 1347 praeerant,
570 1285 590 1327 a
621 1266 727 1328 cetero
757 1263 898 1328 exercitu
924 1262 1068 1328 secedere

56 1351 171 1415 iubent
200 1353 360 1416 secretum
386 1350 498 1415 inituri
525 1351 704 1417 consilium.
748 1349 928 1416 Artabazus
955 1372 1068 1416 conve·
1090 1370 1123 1419 ra

56 1439 201 1503 nientem
227 1439 389 1521 praesenti
414 1437 565 1505 fortunae
588 1439 783 1504 sententiam
805 1460 897 1504 orsus
919 1439 1070 1524 mitigare

56 1524 208 1608 Dareum,
229 1529 412 1609 temporum
431 1526 608 1591 identidem
626 1526 812 1610 admonens,
830 1525 949 1610 coepit:
972 1528 1070 1591 ferret

57 1635 160 1697 aequo
183 1614 292 1679 animo
315 1614 607 1699 qualiumcumque,
632 1636 763 1680 suorum
785 1617 896 1683 tamen
918 1616 970 1679 vel
992 1616 1069 1681 stul·

56 1702 165 1769 titiam
187 1702 238 1769 vel
260 1722 409 1767 errorem.
453 1701 580 1771 Instare
601 1702 667 1772 iam
690 1701 908 1774 Alexandrum
930 1722 1070 1787 gravem,

57 1790 184 1854 etiamsi
210 1811 323 1855 omnes
349 1793 479 1872 praesto
507 1793 627 1859 assent·
664 1789 740 1873 quid
762 1790 919 1873 futurum,
950 1791 977 1855 si
999 1812 1070 1873 per-

58 1877 160 1943 secuti
189 1877 339 1962 fugam
330 1877 432 1960 ipsius
460 1877 661 1944 alienentur?
707 1876 813 1962 Aegre
839 1877 948 1961 paruit
974 1877 1069 1943 Arta-
1090 1896 1123 1946 ra

56 1965 207 2049 bascat,
238 1987 433 2066 quamquam
455 1987 584 2031 movere
606 1968 713 2032 castra
735 1967 905 2048 statuerat,
932 1966 1070 2031 turbetis

55 2055 168 2118 tamen
197 2052 341 2117 omnium
368 2053 484 2119 animis
512 2055 659 2119 eodem'
649 2075 685 2119 sn
710 2054 781 2119 loco
810 2053 914 2121 subeti
914 2053 963 2118 ιιι.
987 2047 1070 2118 Sed

57 2141 217 2206 attonitus
244 2140 406 2207 maestitia
434 2141 589 2206 simult
556 2145 589 2206 et
614 2141 835 2224 desperatione
861 2141 1070 2211 tabernaculo

56 2249 93 2295 se
118 2227 258 2295 inclusit.
302 2227 428 2313 Ergo
419 2250 454 2292 ιιι
476 2228 604 2311 castris,
629 2250 710 2313 quae
733 2230 852 2295 nullius
874 2230 1071 2314 regebantur
1090 2247 1124 2297 14

55 2315 202 2400 imperio,
224 2315 305 2381 varii
327 2315 509 2386 animorum
526 2320 634 2382 motus
653 2321 746 2383 crant
763 2337 823 2388 nec
841 2317 876 2381 in
893 2338 1070 2400 commune,

56 2407 95 2469 ut
115 2407 201 2486 ante,
222 2404 463 2473 considebatun
494 2402 568 2469 Dux
582 2403 778 2475 Graecorum
795 2405 934 2474 militurn
948 2404 1070 2470 Patron
1090 2421 1124 2472 ro

56 2513 149 2560 arma
167 2512 279 2574 capere
297 2512 373 2559 suos
391 2491 480 2557 iubet
497 2495 690 2575 paratosque
708 2513 778 2559 esse
794 2491 835 2561 ad
850 2493 1070 2575 exequendum

56 2577 244 2663 imperium:
277 2577 392 2645 Persae
415 2583 623 2649 secesserant:
650 2579 770 2649 Bessus
793 2601 866 2645 oum
888 2578 1070 2645 Bactrianis
1089 2597 1124 2647 re

57 2670 127 2731 erat
149 2667 391 2750 temptabatque
410 2665 525 2736 Persas
548 2667 713 2750 abducere,
734 2666 854 2736 Bactm
875 2670 908 2731 et
929 2668 1071 2736 intactae

55 2753 200 2838 regionis
223 2754 376 2837 opulenta
395 2753 562 2838 simulque,
583 2775 665 2838 quae
682 2754 888 2824 manantibus
902 2755 1070 2839 instarent,

55 2841 199 2924 pericula
221 2844 396 2907 ostentans.
431 2840 602 2911 Persarum
625 2842 769 2907 omnium
792 2841 904 2911 eadem
923 2843 991 2908 fere
1009 2843 1071 2909 fuit

56 2950 134 3012 vox,
164 2928 257 2995 nefas
283 2950 354 2995 esse
381 2929 484 2997 deseri
509 2950 628 3014 regem.
670 2928 762 2995 Inter
787 2929 869 2997 haec
889 2930 1070 2998 Artabazus
1090 2948 1124 2999 ιι

57 3016 209 3083 omnibus
231 3017 445 3118 imperatoriis
466 3016 663 3102 fungebatur
680 3017 809 3083 officiis:
831 3017 887 3084 ille
899 3017 1070 3087 Persarum

56 3104 315 3173 tabernacula
288 3105 467 3187 crroumire,
493 3104 630 3189 hortari,
652 3127 782 3171 monere
805 3127 893 3172 nuno
916 3107 1071 3191 singulos,

56 3211 143 3261 nuno
166 3192 331 3260 universos
353 3213 422 3261 uon
444 3195 520 3261 ante
538 3155 671 3276 destitit,
693 3215 791 3279 quam
810 3194 889 3261 satis
908 3197 1072 3263 constaret

55 3279 217 3362 imperata
250 3279 402 3349 facturos.
454 3278 545 3348 Idem
576 3301 672 3366 aegre
704 3303 724 3345 a
750 3280 857 3347 Dareo
887 3282 1072 3368 inpetravit,

57 3367 224 3439 uteibum
246 3371 374 3452 caperet
396 3367 601 3454 animumque
622 3370 719 3437 rebus
743 3369 930 3437 adrertmet
