2356 3846
115 153 158 217 94
491 150 522 217 Q.
541 151 651 207 CUltTI
669 152 756 207 auri

113 298 241 362 litterae
264 297 440 362 redduntur
464 319 483 361 a
506 296 657 380 Tiridate,
680 298 812 363 custode
835 298 991 380 pecuniae
1009 301 1130 385 regiae,

112 386 293 450 indicantes
322 407 391 468 eos,
423 386 479 469 qui
511 385 546 449 in
572 387 650 449 urbe
678 389 801 469 essent,
834 385 943 450 audito
977 387 1046 451 eius
1072 389 1128 453 ad·

113 477 211 539 ventu
242 472 379 556 diripere
411 474 493 537 velle
524 473 710 538 thesauros:
751 479 939 557 properaret
971 496 1129 558 occupare

112 561 281 626 thesauros
314 561 477 626 dimissos:
511 561 693 645 expeditum
724 562 787 625 iter
816 583 900 644 esse,
931 583 1129 646 quamquam

78 670 94 718 3
113 649 236 714 Araxes
255 650 360 714 amnis
379 649 550 714 interfluat.
585 647 718 713 Nullam
735 650 889 714 virtutem
905 651 991 734 regis
1009 651 1129 716 iustius

114 758 210 821 quam
229 738 337 802 celerit
323 741 424 802 tatem
442 737 652 802 laudaverim:
675 738 795 802 relictis
809 737 1011 821 pedestribus
1025 739 1130 823 copiis

113 829 184 891 tota
210 829 305 892 nocte
332 830 430 891 uectus
458 847 530 890 cum
558 830 647 911 equit
624 826 773 890 tibus't
746 826 872 889 rtineris
898 829 991 890 tanto
1020 827 1128 910 spatio
1159 857 1166 870 ·

77 935 92 982 4
113 914 259 999 faugatrs
290 914 330 978 ad
357 914 488 978 Araxen
514 915 619 997 prima
644 915 714 978 luce
737 914 891 997 pervenit.
936 912 1011 978 Vici
1034 918 1130 983 erant

113 1002 148 1066 in
170 1003 368 1086 propinquo·
393 1002 508 1085 quibus
527 1001 642 1066 dirutis
660 1005 793 1085 pontem
811 1023 850 1066 ex
866 1002 1002 1066 materia
1015 1023 1129 1068 eorum

114 1090 251 1154 subditis
275 1089 359 1154 saxis
383 1093 511 1153 strenue
534 1089 669 1153 induxit

78 1199 94 1248 5
201 1177 334 1262 Iamque
361 1177 448 1242 haud
475 1178 586 1261 procul
609 1178 687 1242 urbe
711 1182 816 1260 erant,
848 1199 921 1242 cum
943 1178 1128 1243 miserabile

113 1286 243 1350 agmen,
274 1266 358 1330 inter
390 1287 493 1350 panca
523 1266 673 1330 fortunae
701 1267 846 1349 exempla
873 1265 1128 1351 memorandum,

113 1354 183 1437 regi
206 1353 353 1418 occurrit.
398 1352 525 1436 Captivi
548 1357 640 1417 erant
663 1352 777 1419 Graeci
799 1354 840 1418 ad
862 1372 913 1418 1111
936 1354 1026 1417 milia
1049 1354 1127 1432 fere,

77 1465 93 1512 a
114 1463 194 1524 quos
209 1441 326 1506 Persae
344 1442 432 1506 vario
453 1442 682 1525 suppliciorum
696 1443 791 1507 modo
807 1442 1000 1506 adfecerant.
1032 1441 1128 1507 Alios

14 1538 17 1547 “
112 1528 261 1612 pedibus,
290 1529 446 1613 quosdam
474 1530 622 1594 manibus
653 1531 845 1614 auribusque
873 1530 1049 1613 amputatis
1077 1530 1128 1593 in·

113 1617 256 1701 ustisque
288 1616 499 1682 barbararum
527 1617 708 1681 litterarum
734 1618 822 1682 notis
850 1617 885 1681 in
911 1618 1047 1702 longum
1077 1618 1128 1682 sui

112 1705 284 1769 ludibrium
313 1709 568 1770 reservaverant:
606 1708 651 1788 et,
683 1727 755 1770 cum
783 1727 816 1769 se
843 1727 969 1789 quoque
1000 1706 1128 1770 alienae

113 1791 247 1857 dicionis
280 1814 349 1858 esse
382 1797 560 1877 cernerent,
592 1794 736 1858 volentes
767 1794 837 1877 regi
865 1813 1030 1858 occurrere
1055 1815 1128 1858 non

78 1903 93 1951 v
112 1881 351 1964 prohibuerant.
385 1881 556 1946 Invisitata
578 1882 757 1964 simulacra,
779 1902 845 1946 non
867 1881 1016 1946 homines
1038 1882 1127 1946 vide·

112 1969 231 2032 bantur
262 1990 322 2034 nec
352 1970 535 2053 quicquam·
549 1969 585 2033 in
610 1969 674 2033 illis
703 1972 830 2053 praeter
857 1990 969 2034 vocem
996 1973 1128 2053 poterat

113 2056 274 2140 adgnosci.
324 2057 437 2123 Plures
468 2057 568 2142 igitur
598 2057 747 2121 lacrimas
779 2077 994 2140 commovere,
1027 2079 1127 2143 quam

112 2143 321 2227 profuderant
352 2145 427 2228 ipsi:
459 2145 578 2229 quippe
608 2145 644 2208 in
674 2149 743 2209 tam
774 2145 944 2228 multiplici
971 2145 1126 2229 variaque

111 2231 244 2296 fortuna
275 2233 474 2318 singulorum
505 2233 704 2297 intuentibus
737 2233 856 2297 similes
889 2232 1034 2316 quidem,
1070 2234 1126 2298 sed

111 2323 221 2384 tamen
245 2320 387 2404 dispares
410 2343 541 2404 poenas,
565 2322 636 2404 quis
659 2322 797 2385 maxime
819 2320 1011 2385 miserabilis
1031 2325 1127 2406 esset,

76 2431 92 2480 s
111 2409 232 2492 liquere
254 2429 322 2473 non
344 2411 479 2493 poterat.
517 2407 562 2473 Ut
583 2430 659 2474 vero
677 2409 787 2473 Iovem
810 2409 857 2472 illi
879 2408 1011 2473 tandem
1026 2406 1126 2474 Grac·

112 2497 179 2563 ciae
213 2497 351 2561 ultorem
383 2497 547 2580 aperuisse
580 2497 689 2560 oculos
721 2497 974 2580 conclamavere,
1011 2517 1126 2562 omnes

111 2586 182 2669 pari
210 2585 367 2669 supplicio
395 2584 512 2650 adfecti
540 2585 602 2649 sibi
624 2585 824 2649 videbantur
870 2583 938 2648 Rex
962 2584 1127 2670 abstersis,

111 2695 191 2774 quas
213 2673 408 2756 profuderat,
385 2672 570 2738 tlacrimis
589 2672 711 2738 bonum
729 2674 847 2738 habere
864 2673 1007 2737 animum
1021 2673 1126 2738 iubet:

111 2762 236 2826 visuros
259 2762 355 2826 urbes
379 2783 453 2825 suas
476 2781 691 2845 coniugesque
710 2766 742 2825 e
728 2762 877 2826 tltberos.
914 2758 1030 2825 Castra
1044 2761 1125 2826 inde

76 2849 175 2920 oduo
210 2850 250 2912 ab
282 2850 360 2914 urbe
393 2849 497 2913 stadia
529 2849 714 2913 communit.
768 2846 883 2913 Graeci
921 2854 1126 2914 excesserant
1138 2851 1174 2916 18

112 2937 196 2999 vallo
229 2936 446 3019 deliberaturi,
478 2936 553 3019 quid
580 2936 784 3019 potissimum
814 2957 833 2999 a
860 2957 935 3021 rege
962 2941 1124 3020 peterent:

112 3045 246 3106 cumque
270 3025 341 3088 aliis
361 3024 468 3088 sedem
486 3025 522 3088 in
540 3023 620 3087 Asia
637 3043 761 3107 rogare,
783 3023 854 3087 aliis
872 3025 990 3088 reverti
1009 3024 1124 3090 domos

60 3220 93 3270 ιι
111 3112 260 3282 llll:
280 3109 708 3282 lutttd‘stssd
719 3111 1123 3281 lllltttitltt

161 3248 170 3283 7

111 3291 145 3353 et
176 3308 300 3352 carcere
332 3289 501 3371 procedere
534 3286 731 3369 erubuimus,
766 3291 804 3350 ut
834 3309 920 3352 nunc
953 3291 1015 3373 est,
1048 3312 1122 3372 sup-

112 3376 208 3460 plicia
234 3379 401 3441 nostra-
435 3396 570 3459 quorum
595 3396 655 3440 nos
678 3374 798 3457 pudeat
820 3376 924 3459 magis
947 3397 989 3439 an
1011 3379 1121 3459 paeni-

105 3467 186 3546 teat,
208 3465 370 3528 incertum
395 3467 509 3528 cst—
533 3466 640 3530 ostent
641 3483 694 3527 are
716 3459 868 3527 Graeciae
891 3463 979 3527 velut
1001 3466 1122 3529 laetum

25 3562 64 3608 11
82 3553 315 3626 micotaculum
350 3553 513 3641 cupimus.
560 3552 665 3640 Atqui
691 3549 814 3637 optime
833 3551 981 3615 miserias
1004 3551 1125 3633 lerunt,
