2370 3834
280 140 538 199 HISTORIARUII
555 142 770 201 muanosl
788 141 863 215 VIII,
882 149 906 200 t.
1042 141 1106 208 199

94 289 185 355 ustas
218 285 455 371 spopondisset.
503 285 625 362 Quodsi
662 287 758 353 ueteri
792 287 955 372 dubitent,
990 292 1106 355 semet·
1127 298 1161 347 12

92 376 214 460 ipsum,
240 394 313 440 eum
336 396 393 440 rex
411 375 526 441 inisset
544 375 741 460 eonvivium,
759 380 999 459 prostraturum
1016 377 1107 443 humi

93 483 220 548 eorpus
272 461 398 529 Debere
433 463 520 529 idem
556 463 663 529 faeere
699 467 822 531 eeteros
855 469 889 531 et
924 466 959 532 in
993 465 1107 551 primis

94 551 258 636 sapientia
287 551 465 636 praeditosr
502 553 542 617 ab
574 553 643 618 illis
674 552 762 618 enim
794 553 898 619 cultus
930 555 968 619 in
998 573 1108 639 regem

94 639 616 814 ffiffbplumdiilgebptrffendbp'
648 639 783 794 GHauda
791 642 943 795 perplegte
973 643 1009 707 in
1036 641 1161 708 Cal-13

192 749 259 794 nen
366 749 427 794 ea
499 750 558 794 ora
584 751 612 794 ο.
678 752 749 795 ravr
785 751 881 795 svm
979 753 1051 796 rom

94 816 230 882 libertas
248 817 354 882 invisa
368 820 439 882 erat
453 817 533 903 regi,
552 817 646 903 quasi
659 818 748 882 solus
762 734 1108 902 Mamonaspparai'ii

43 902 137 971 l9ad
162 905 230 970 tulo
254 905 445 990 obsequium
471 910 662 972 moraretur.
706 905 740 972 Is
766 911 837 972 tum
865 907 994 972 silentio
1020 907 1108 972 faeto
1129 915 1163 964 14

95 1013 198 1059 unum
223 993 317 1058 illum
339 993 539 1059 intuentibus
562 995 696 1078 esteris,
718 991 766 1060 ‘si
788 993 867 1079 rex',
889 995 1010 1080 inquit,
1033 993 1109 1059 ‘ser-

95 1081 186 1148 moni
202 1083 258 1146 tuo
279 1080 445 1166 sdfuisset,
461 1082 585 1149 nullius
602 1081 748 1167 profectu
762 1104 826 1149 vox
842 1083 1030 1167 responsuri
1046 1081 1109 1148 tibi

95 1168 347 1237 desideraretur:
368 1171 438 1254 ipse
453 1171 539 1236 enim
552 1173 687 1255 peteret,
700 1192 742 1235 ne
755 1171 790 1235 in
803 1171 992 1256 peregrinos
1006 1174 1109 1235 exter-

94 1277 218 1341 nosque
231 1257 316 1322 ritus
329 1258 524 1342 degenerare
538 1280 572 1323 se
586 1278 721 1342 cogeres
732 1280 796 1324 neu
809 1260 907 1325 rebus
922 1259 1109 1325 felicissime

95 1345 199 1432 gestis
220 1345 377 1411 invidiam
400 1347 463 1410 tali
485 1345 669 1412 adulatione
692 1347 907 1414 contraheres.
946 1345 1009 1412 Sed
1033 1355 1163 1432 quo-15

93 1433 186 1499 niam
207 1433 315 1516 abeat,
337 1453 398 1518 ego
422 1433 484 1498 tibi
506 1455 566 1518 pro
588 1435 648 1499 illu
669 1436 865 1520 respondeo,
893 1434 1016 1502 nullum
1039 1456 1109 1501 esse

95 1520 233 1588 eundem
247 1524 280 1587 et
298 1520 486 1587 diuturnum
503 1525 537 1587 et
554 1543 768 1607 praesequem
785 1522 927 1589 frustum
942 1524 1111 1590 caelestes·

95 1631 160 1694 que
179 1609 320 1675 honores
338 1629 404 1675 nun
423 1609 504 1675 dare
525 1613 559 1675 te
581 1610 663 1694 rugi,
685 1611 741 1676 sed
765 1612 897 1676 auferre.
933 1611 1110 1677 Intervallo

95 1697 185 1764 enim
208 1719 289 1782 opus
309 1701 373 1782 est,
395 1702 432 1763 ut
449 1697 599 1763 eradatur
617 1696 710 1783 deus,
729 1719 919 1785 semperque
936 1697 1021 1765 hane
1039 1719 1111 1784 gra·

94 1786 179 1852 tiam
201 1785 329 1869 magnis
351 1785 430 1851 viris
453 1787 578 1869 posteri
596 1787 742 1852 reddunt.
781 1786 854 1872 Ego
878 1791 986 1852 autem
1006 1808 1111 1852 seram
1131 1797 1165 1846 16

95 1873 368 1940 inmortalitatem
390 1894 505 1957 precor
527 1874 610 1959 regi,
633 1880 670 1940 ut
693 1878 726 1939 et
749 1875 817 1939 vita
840 1875 994 1940 diuturna
1016 1876 1060 1940 sit
1079 1879 1112 1940 et

95 1964 229 2030 aeterna
261 1963 424 2027 maiestas.
479 1961 654 2027 Hominem
687 1963 895 2047 consequItur
927 1963 1112 2047 aliquando,

94 2072 263 2135 nunquam
285 2050 458 2115 comitatur
479 2050 643 2116 divinitas.
683 2050 856 2117 Heroulem
880 2051 975 2116 modo
999 2049 1165 2115 supa-1⁷

94 2143 180 2204 trem
202 2137 355 2204 Liberum
383 2143 590 2205 consecratae
617 2140 864 2206 inmortalitatis
893 2141 1040 2224 exempla
1064 2160 1113 2204 re·

94 2226 233 2294 ferebas.
285 2224 440 2292 Credisne
470 2227 548 2292 illos
578 2228 674 2293 unius
705 2229 844 2293 convivii
873 2229 1001 2293 decreto
1034 2226 1111 2293 deos

94 2314 223 2382 faetus?
273 2313 368 2380 Prius
400 2314 442 2380 ab
475 2313 578 2380 oeulis
604 2316 792 2381 mortalium
826 2316 962 2382 amolita
995 2321 1112 2382 natura

96 2407 163 2486 est,
188 2424 286 2488 quam
313 2403 347 2468 in
375 2403 500 2468 eaelum
526 2403 616 2468 fama
641 2405 841 2488 perveheret
892 2403 1023 2469 Scilicet
1049 2412 1166 2487 eg018

96 2494 131 2556 et
156 2494 208 2575 tu,
234 2489 328 2575 Cleo,
356 2491 435 2556 deos
461 2491 610 2558 facimus:
644 2514 664 2557 a
694 2493 790 2557 nobis
822 2492 1003 2557 divinitatis
1035 2511 1112 2556 suae

96 2579 325 2646 auctoritatem
358 2582 549 2662 accepturus
586 2582 637 2643 est
670 2581 745 2645 rexi
799 2578 985 2644 Potentiam
1021 2582 1113 2643 tuam

97 2667 240 2821 ildini
256 2666 866 2838 littttdlttmqtllblsstll
884 2665 1114 2837 iiiiii}
1134 2763 1166 2812 s

97 2843 168 2908 sine
205 2842 343 2927 invidia,
379 2863 462 2927 quae
493 2840 573 2907 Gleo
610 2841 705 2926 dixit,
741 2840 902 2906 audierint
937 2841 1114 2925 eodemque

97 2952 207 3015 eursu,
233 2952 298 3016 quo
325 2930 445 2996 fluxere
473 2930 578 2996 adhue
603 2951 669 3012 res,
695 2929 743 2996 ire
766 2929 941 3012 patiantur.
982 2928 1113 2994 Nostris

93 3019 244 3099 =moribus
262 3019 367 3084 velint
383 3039 445 3084 nus
464 3039 535 3084 esse
553 3020 732 3084 contentos.
765 3015 842 3082 Nun
859 3017 960 3102 pudet
978 3018 1114 3102 patriae,

96 3128 157 3173 neo
179 3107 341 3186 desidero,
365 3107 406 3172 ad
429 3128 525 3191 quem
547 3106 680 3172 modum
702 3126 758 3170 rex
781 3103 863 3169 mihi
885 3104 1038 3171 colendus
1061 3107 1115 3191 sit,

97 3216 120 3261 a
139 3196 227 3262 uotis
249 3195 380 3261 dissere.
422 3193 510 3272 Quos
533 3193 681 3279 equidem
699 3194 840 3260 victores
861 3213 932 3259 esse
950 3194 1116 3278 oonfitsor,

39 3282 128 3350 soei
152 3284 194 3350 ab
221 3282 287 3348 illis
313 3283 420 3368 leges,
451 3282 524 3367 quis
550 3282 711 3363 vivamus,
744 3280 954 3366 accipimus?⁸
991 3281 1115 3366 Aequis
1133 3291 1170 3342 so

97 3371 231 3451 auribus
249 3370 482 3455 callisthenes,
504 3369 606 3436 veluti
628 3369 746 3437 vindex
768 3370 920 3455 publicae
943 3369 1116 3453 libertatis,

98 3459 299 3527 audiebatur.
338 3458 555 3545 Expresserat
576 3480 643 3524 non
670 3457 897 3524 adsensionem
920 3457 1030 3540 modo,
1059 3456 1113 3522 sed

97 3548 197 3617 stiam
225 3563 338 3616 roesm‘
366 3547 530 3617 seniorum
555 3548 752 3636 praeeipue,
777 3547 903 3632 duleus
923 3544 1044 3625 maske
1064 3558 1105 3597 er
