2356 3846
221 120 476 198 nrsvoannnn
492 141 708 196 muranum
724 142 776 211 iv,
796 148 837 197 ra.
858 147 899 197 14.
1023 140 1066 206 69

55 291 182 373 perant,
203 286 290 351 haud
312 286 427 351 dubius
451 287 521 351 sine
542 308 628 351 noxa
649 290 899 369 transcursum,
923 286 1067 352 sinemo

57 398 93 441 se
117 378 306 460 opponeret:
336 374 515 439 sinautem
538 375 607 438 sine
629 375 759 438 fremitu
776 374 988 456 inmisissent,
1011 396 1066 439 eos

55 462 1066 634 zttdssttatthidis{raththtttttfi
1084 568 1119 618 a

55 641 106 704 ita
135 642 173 705 ut
203 660 262 702 neo
293 639 611 721 circumvenirentur,
646 639 674 702 si
705 639 805 702 artius
838 641 973 720 starent,
1007 659 1066 703 nec

55 731 169 792 tamen
196 727 283 790 ultra
308 725 438 791 modum
465 727 566 790 aciem
593 726 799 791 exinanirent.
844 725 1067 809 Inpedimenta
1085 745 1119 795 35

56 837 131 880 cum
154 814 301 898 captivis,
331 814 415 877 inter
438 835 518 896 quos
541 817 643 877 mater
663 814 819 898 liberique
842 813 939 878 Darei
962 818 1066 878 custo·

55 903 240 986 diebantur,
269 901 356 966 haud
384 902 496 984 procul
525 902 591 966 aoie
618 902 653 965 in
681 903 766 965 edito
795 902 876 966 colle
898 901 1067 966 constituit

56 989 184 1055 modico
211 989 370 1073 praesidio
398 989 520 1055 relicto.
562 988 703 1053 Laevum
729 1010 844 1073 cornu,
874 991 956 1053 sicut
977 990 1067 1073 alias,

55 1077 266 1142 Parmenioni
288 1077 442 1141 tuendum
466 1077 592 1141 datum:
615 1078 684 1161 ipse
707 1078 741 1141 in
764 1078 874 1143 dextro
897 1078 1013 1142 stabat

146 1163 299 1231 Nondum
328 1165 369 1229 ad
398 1166 517 1229 iactum
546 1166 602 1228 teli
630 1168 854 1249 pervenerant,
883 1187 956 1229 cum
982 1164 1067 1229 Bion
1085 1184 1119 1234 36

56 1253 189 1338 quidam
211 1253 396 1338 transfuga,
419 1256 540 1336 quanto
563 1254 703 1318 maximo
726 1275 821 1317 cursu
844 1256 1002 1337 potuerat,
1026 1253 1066 1316 ad

54 1361 167 1426 regem
197 1341 344 1425 pervenit
374 1342 542 1424 nuntians,
574 1342 709 1406 murices
738 1340 859 1405 ferreos
885 1341 920 1405 in
947 1344 1067 1405 terram

56 1429 217 1494 defodisse
234 1427 385 1512 Dareum,
408 1451 471 1513 qua
492 1429 619 1493 hostem
641 1429 763 1512 equites
786 1429 976 1493 emissurum
996 1450 1066 1492 esse

56 1517 217 1600 credebat,
237 1520 450 1600 notatumque
473 1520 560 1582 certo
583 1517 677 1601 signo
699 1518 814 1599 locum,
835 1520 873 1581 ut
894 1516 981 1581 fraus
1003 1517 1066 1581 evi-

55 1604 121 1668 tari
152 1626 172 1668 a
204 1604 270 1669 suis
301 1609 420 1687 posset.
464 1604 639 1668 Adservari
665 1604 834 1689 transfuga
860 1605 948 1669 iusso
971 1604 1066 1669 duces
1085 1619 1114 1673 at

56 1694 228 1758 convocat:
261 1694 479 1776 expositoque,
510 1692 595 1776 quod
623 1692 808 1756 nuntiatum
836 1695 916 1774 erat,
948 1696 1066 1774 monet,

57 1784 94 1845 ut
124 1779 289 1865 regionem
320 1783 534 1845 monstratam
566 1780 727 1844 declinent
756 1781 958 1863 equitemque
984 1780 1067 1862 peri-

56 1868 165 1936 culum
187 1867 350 1933 edoceant.

147 1953 296 2020 Ceterum
313 1956 496 2024 hortantem
515 1955 670 2020 exercitus
690 1955 837 2019 exaudire
855 1976 922 2019 non
941 1957 1119 2038 poteratne

55 2065 151 2108 usum
179 2043 305 2108 aurium
330 2043 553 2126 intercipiente
578 2043 709 2107 fremitu
735 2044 870 2107 duorum
893 2042 1068 2128 agminum.
1096 2079 1099 2083 ·

57 2130 120 2196 Sed
145 2132 182 2195 ia
209 2134 381 2214 conspectu
408 2131 550 2194 omnium
578 2131 672 2194 duces
701 2134 733 2195 et
756 2132 936 2215 proximum
959 2152 1067 2215 quem-

57 2239 119 2304 que
141 2219 373 2302 interequitans
397 2218 635 2302 adloquebatur.

470 2374 547 2440 mr.
569 2374 658 2440 XIV.

149 2479 313 2545 ‘Emensis
345 2484 397 2546 tot
423 2485 525 2544 terras
552 2481 586 2544 in
614 2502 703 2564 spem
730 2481 897 2565 victoriae,
934 2482 972 2546 de
1004 2502 1101 2566 qual

14 2584 16 2589 '
56 2569 275 2640 dimicandum
312 2567 409 2653 foret,
449 2568 511 2632 hoc
551 2590 651 2632 unum
687 2591 851 2652 superesse
887 2569 1066 2635 discrimen.
1140 2573 1144 2582 ’

57 2655 233 2722 Granicum
261 2656 313 2721 hic
341 2677 468 2720 amnem
498 2653 688 2740 Ciliciaeque
719 2660 845 2720 montes
878 2662 910 2721 et
939 2655 1067 2741 Syriam

14 2755 17 2759 ’
55 2746 306 2829 Aegyptumque
341 2743 616 2827 praetereuntibus
652 2747 776 2827 raptas,
817 2745 963 2829 ingentia
999 2747 1067 2829 spei

57 2833 242 2917 gloriaeque
259 2831 476 2914 incitamenta,
494 2830 659 2896 referebat
689 2831 911 2915 Reprehensos
931 2855 970 2896 ex
987 2834 1066 2918 fuga
1084 2853 1100 2901 a

56 2920 174 2984 Persas
196 2922 405 3004 pugnaturos,
428 2920 503 3002 quia
524 2919 633 3004 fugere
656 2942 722 2984 non
744 2924 884 3003 possent.
923 2921 1067 2986 Tertium

56 3008 124 3071 iam
150 3007 235 3071 diem
262 3010 350 3071 metu
372 3027 547 3092 exangues,
577 3008 673 3071 armis
697 3007 762 3071 suis
786 3012 934 3073 oneratos
957 3009 992 3072 in
1015 3032 1066 3075 eo·

57 3095 130 3159 dem
162 3095 299 3179 vestigio
330 3094 469 3159 haerere.
517 3093 651 3158 Nullum
680 3096 910 3178 desperationis
938 3098 1066 3162 illorum

57 3183 162 3247 maius
188 3181 343 3248 indicium
370 3203 453 3267 esse,
484 3204 580 3266 quam
608 3182 692 3266 quod
719 3184 828 3267 urbes,
860 3185 944 3267 quod
971 3206 1067 3270 agros

58 3292 134 3335 suos
156 3274 300 3354 urerent,
322 3269 475 3354 quidquid
497 3291 564 3334 non
586 3271 811 3355 corrupissent,
832 3273 975 3336 hostium
998 3295 1067 3338 esse

22 3427 29 3439 ,
58 3358 205 3424 confessi.
249 3357 392 3423 Nomina
417 3358 513 3422 modo
540 3380 625 3422 vana
651 3359 796 3442 gentium
818 3360 1003 3444 ignotarum
1024 3381 1100 3429 nea

58 3447 315 3511 extimescerent:
337 3468 440 3530 neque
459 3445 544 3511 enim
560 3445 603 3512 ad
621 3446 697 3509 belli
713 3447 883 3511 discrimen
898 3449 1066 3532 pertinere,

58 3534 113 3618 qui
135 3535 176 3599 ab
199 3534 240 3598 iis
257 3530 394 3617 Scythae
417 3535 511 3620 quive
530 3530 665 3600 Cadusii
684 3535 939 3620 appetiuimus.
967 3535 1026 3595 Qu
1036 3537 1085 3592 'uu
1098 3554 1123 3594 ι.
