2356 3846
115 143 159 207 24
490 139 521 206 Q.
540 140 651 196 CUltTI
668 140 755 196 RUFI

34 355 39 366 ,
113 306 250 371 quoque,
273 305 354 369 quae
377 285 556 350 excubabat
575 285 616 348 ad
633 285 877 350 tabernaculum
894 286 991 370 regis,
1014 286 1125 370 verita,

30 379 34 383 '
112 395 154 438 ne
186 373 318 437 maioris
349 376 456 438 motus
487 373 680 456 principium
712 376 808 457 esset,
841 394 965 438 armare
992 395 1027 439 se
1055 395 1124 439 coe-

77 464 213 546 4perat.
259 458 365 526 (lausa
395 461 493 526 subiti
521 461 651 545 pavoris
678 460 753 544 fuit,
785 461 871 545 quod
899 465 1003 526 mater
1030 482 1124 527 uxor·

114 571 176 634 que
198 547 297 613 Darei
320 569 392 615 cum
415 549 551 633 captivis
574 548 736 614 nobilibus
758 569 885 634 regem,
908 570 1003 633 quern
1026 550 1125 614 inter·

112 636 233 702 fectum
275 657 345 701 esre
386 637 571 720 credebant,
615 637 741 721 ingenti
783 637 904 721 gemitu
940 636 1125 722 eiulatuque

78 724 282 790 bdeflebant
322 723 416 789 Unus
448 745 587 809 namque
615 747 632 788 e
660 724 795 808 captivis
823 724 1034 809 spadonibus,
1071 725 1126 808 qui

89 812 197 876 'forte
225 816 299 876 ante
327 812 470 897 ipsarum
497 813 739 876 tabernaculum
768 815 914 895 steterat,
943 813 1125 897 amiculum,

113 901 199 985 quod
222 900 361 985 Dareus,
393 901 477 965 sicut
503 901 600 984 paulo
631 904 706 964 ante
734 899 853 964 dictum
881 903 944 983 est,
970 921 1013 964 ne
1036 901 1125 966 cultu

112 989 313 1073 proderetur,
337 989 512 1072 abiecerat,
534 989 569 1052 in
591 987 741 1053 manibus
769 988 850 1071 eius,
883 988 938 1071 qui
960 992 1124 1071 repertum

112 1077 253 1160 ferebat,
290 1077 424 1161 agnovit
454 1079 607 1161 ratusque
638 1074 808 1140 interfecto
844 1074 1023 1141 detractum
1056 1096 1125 1141 essa

79 1170 94 1217 6
114 1163 231 1229 falsum
252 1164 403 1227 nuntium
425 1164 539 1228 mortis
564 1164 631 1228 eius
655 1164 815 1228 attulerat.
860 1161 932 1227 Hoc
955 1163 1126 1229 mulierum

114 1273 220 1316 errore
248 1255 400 1335 conperto
427 1252 611 1315 Alexander
641 1250 789 1316 fortunae
816 1250 915 1315 Darei
947 1255 979 1314 et
1010 1251 1126 1334 pietati

114 1361 223 1403 earum
245 1339 465 1403 inlacrimasse
488 1340 599 1404 fertur.
643 1337 692 1402 Ac
714 1339 818 1420 primo
841 1337 1047 1422 Mithrenem,
1070 1339 1126 1422 qui

24 1428 28 1433 ’
114 1424 224 1491 Sardis
256 1426 445 1509 tradiderat,
481 1428 620 1510 peritum
652 1427 783 1511 linguae
809 1425 970 1510 Persicae,
1003 1426 1051 1491 ire
1083 1426 1125 1491 ad

79 1514 325 1580 'consolandas
349 1535 403 1578 eas
425 1516 571 1579 iusserat.
611 1513 743 1578 Veritus
766 1513 894 1596 deinde,
916 1535 958 1577 ne
979 1513 1126 1596 proditor

114 1603 312 1686 captivarum
334 1602 416 1667 iram
434 1603 640 1686 doloremque
662 1605 841 1685 renovaret,
863 1601 1067 1666 Leonnatum
1085 1623 1127 1667 ex

117 1689 301 1773 purpuratis
325 1690 392 1755 suis
414 1691 511 1771 misit,
535 1691 656 1755 insnum
678 1688 830 1769 indicare,
852 1689 935 1753 falso
952 1689 1126 1755 lamentari

114 1799 168 1842 eas
186 1778 302 1841 virum.
337 1777 396 1842 llle
415 1799 487 1843 cum
504 1779 615 1861 paucis
634 1777 800 1861 armigeris
819 1777 854 1840 in
871 1776 1126 1862 tabernaculum,

114 1865 234 1948 inquo
258 1865 404 1949 captivae
427 1871 533 1948 erant,
561 1865 707 1948 pervenit
729 1865 925 1948 missumque
949 1885 983 1931 se
1007 1886 1027 1929 a
1049 1885 1128 1950 rego

79 1952 263 2017 8uuntiare
286 1952 384 2016 iubet.
428 1952 475 2016 At
497 1953 534 2035 ii,
566 1952 621 2034 qui
642 1952 677 2016 in
700 1951 858 2017 vestibulo
882 1956 990 2036 erant,
1017 1957 1056 2017 ut
1078 1974 1127 2017 ar·

34 2090 39 2094 .
115 2043 221 2103 matos
244 2060 451 2124 conspexere,
476 2040 540 2104 rati
562 2044 670 2103 actum
693 2060 762 2103 esse
786 2038 824 2103 de
847 2038 999 2123 dominis,
1020 2040 1057 2104 in
1078 2045 1127 2105 ta·

115 2128 323 2191 bernaculum
354 2131 500 2210 currunt,
532 2127 758 2210 vociferantes,
794 2127 906 2190 adesse
943 2149 1127 2210 supremam

80 2216 230 2279 choram
256 2215 451 2299 missosque,
481 2216 537 2299 qui
566 2215 756 2280 occiderent,
769 2218 890 2298 captas.
933 2214 1062 2300 Itaque,
1090 2220 1128 2281 ut

116 2323 198 2387 quae
228 2324 287 2366 nec
313 2302 484 2386 prohibere
510 2308 644 2386 possent
675 2323 734 2366 nec
766 2301 934 2367 admittere
962 2303 1129 2388 auderent,

115 2391 205 2455 nullo
232 2411 388 2474 responso
412 2390 488 2457 dato
511 2392 628 2455 tacitae
651 2390 900 2473 opperiebantur
922 2390 1054 2455 victoris
1077 2413 1127 2457 ar·

65 2484 98 2533 10
116 2479 257 2542 bitrium.
302 2477 502 2562 Leonnatus,
529 2482 696 2562 expectato
720 2477 787 2559 diu,
810 2479 865 2561 qui
887 2499 922 2541 sc
943 2478 1127 2545 introduce·

115 2571 178 2648 ret,
200 2570 372 2651 postquam
394 2587 488 2630 nemo
511 2566 681 2650 procedere
700 2564 852 2648 audebat,
874 2565 994 2631 relictis
1016 2567 1053 2631 in
1076 2588 1127 2632 ve·

117 2655 236 2719 rtibulo
269 2653 460 2719 satellitibus
487 2655 589 2718 intrat
615 2654 650 2718 in
676 2654 927 2718 tabernaculum.
977 2652 1030 2717 Ea
1056 2655 1128 2738 ipsa

116 2764 168 2806 res
190 2742 378 2806 turbaverat
399 2741 549 2827 feminas,
580 2742 665 2826 quod
691 2741 850 2825 inrupisse
877 2762 946 2806 non
969 2741 1128 2808 admissus
1168 2821 1169 2824 Ἴ

65 2836 96 2884 1·1
121 2829 298 2895 videbatur.
356 2829 469 2913 Itaque
507 2834 611 2895 mater
648 2833 681 2893 et
720 2829 835 2893 coniux
866 2829 1056 2913 provolutae
1088 2830 1129 2896 ad

116 2917 213 3000 pedes
242 2939 333 2981 orare
356 2921 543 3018 coeperunt,
573 2921 623 3000 ut,
654 2917 840 3000 priusquam
862 2917 1129 3002 interficerentur,

116 3005 214 3069 Darei
242 3025 357 3089 corpus
388 3005 467 3088 ipsis
494 3004 600 3088 patrio
628 3025 716 3068 more
749 3004 883 3105 sepelire
912 3005 1128 3089 permitteret.

116 3093 244 3156 functas
277 3113 426 3176 supremo
453 3093 488 3155 in
513 3113 623 3177 regem
650 3092 793 3157 officio
784 3093 910 3176 inpigre
938 3113 1007 3156 sese
1034 3092 1130 3158 mori·

66 3186 97 3233 12
116 3187 216 3245 turas.
252 3180 299 3244 At
320 3179 466 3244 Leonnat
452 3184 519 3244 tzus
547 3184 580 3244 et
601 3180 708 3244 vivere
731 3179 874 3244 Dareum
896 3180 960 3244 et
950 3201 1039 3263 ipsas
1061 3202 1130 3247 non

116 3269 294 3333 incolumes
311 3268 418 3350 modo,
441 3268 497 3331 scd
515 3268 612 3333 etiam
632 3271 789 3353 apparatu
807 3267 962 3350 pristinae
980 3266 1131 3335 fortunae

116 3356 245 3440 reginas
276 3350 356 3420 fore.
400 3355 482 3420 Tum
515 3356 642 3423 demum
669 3356 766 3421 Darei
796 3360 899 3419 mater
927 3355 1070 3421 adlevari
1096 3376 1131 3423 ae

100 3464 209 3519 passa
233 3447 291 3506 est,
361 3444 364 3448 ’

30 3521 73 3563 13
179 3526 377 3596 Alexander
395 3537 535 3617 postero
555 3533 609 3600 die
628 3555 704 3600 cum
723 3551 800 3598 cura
818 3529 952 3614 sepultis
966 3529 1172 3615 mutunus]
