2356 3846
256 184 511 241 msuoanaun
527 185 744 243 memnon
762 188 800 259 v,
819 196 843 244 1.
862 196 887 244 a.
1033 190 1076 254 85

69 338 147 394 sunt
162 329 250 415 regis
268 329 409 395 ministri
426 330 586 415 iidemque
604 353 704 417 equos
719 333 904 398 meantibus
916 335 1076 418 proelium

63 417 238 482 admovent
263 422 481 503 venantesque
508 420 705 485 comitantur
730 424 764 485 et
785 422 968 507 vigiliarum
991 424 1075 488 vices

64 512 142 569 ante
159 504 297 570 cubiculi
308 505 396 572 fores
411 512 553 573 servant:
571 528 827 595 magnorumque
839 510 1075 592 praefectorum

69 595 104 658 et
129 592 248 673 ducum
269 593 350 660 haec
371 595 569 660 incrementa
591 604 668 661 sunt
689 602 723 662 et
744 598 934 663 rudimenta.

154 681 260 766 Igitur
292 704 350 747 rex
384 684 452 748 arci
482 682 659 767 Babylonis
690 684 863 770 Agathone
893 687 1074 770 praesidere
1093 709 1127 758 43

63 790 154 921 222⁸?
169 771 1075 946 litutsstlttttlwglllttertianis

64 941 196 1010 Ciliciae
217 951 413 1031 praeessent,
434 947 596 1013 Menetem
615 954 649 1014 et
661 950 895 1034 Apollodorum
913 953 1074 1035 relinquit.

63 1050 91 1098 11
112 1034 203 1098 milia
229 1034 270 1099 iis
297 1035 438 1101 militum
465 1058 538 1101 cum
560 1037 647 1101 mille
670 1039 802 1104 talentis
826 1039 915 1104 data:
947 1041 1074 1124 utrique

62 1125 286 1206 praeceptum,
326 1127 364 1188 ut
397 1125 433 1188 in
473 1125 729 1209 supplementum
766 1126 884 1192 milites
920 1128 1075 1213 legerent.

62 1207 233 1275 Mazaeum
279 1212 484 1297 transfugam
529 1217 676 1298 satrapea
720 1213 921 1298 Babyloniae
966 1215 1074 1298 donat,
1092 1234 1127 1285 44

62 1294 311 1382 Bagophanem,
342 1301 398 1384 qui
430 1322 535 1365 arcem
563 1302 754 1387 tradiderat,
785 1324 819 1367 se
851 1304 942 1388 sequi
970 1304 1074 1387 iussit,

62 1385 219 1450 Armenia
240 1385 409 1473 Mithreni,
441 1387 589 1453 Sardium
616 1390 788 1473 proditori,
818 1391 893 1456 data
920 1395 978 1456 est.
1022 1391 1074 1456 Ex
1092 1409 1126 1458 45

62 1475 200 1557 pecunia
223 1475 336 1539 deinde
357 1475 520 1561 Babylone
541 1477 662 1542 tradita
678 1477 891 1543 Macedonum
914 1480 1074 1563 equitibus

63 1562 193 1628 sexceni
226 1562 349 1628 denarii
380 1564 509 1630 tributi:
545 1567 734 1650 peregrinus
767 1588 862 1650 eques
894 1568 1073 1652 quingenos

63 1651 204 1734 accepit,
252 1651 392 1717 ducenos
436 1652 549 1738 pedes,
593 1654 692 1718 ceteri
720 1654 915 1738 stipendium
939 1655 1073 1717 duarum

62 1760 222 1804 mensum.

499 1897 577 1964 One.
599 1898 639 1963 Π.

26 2004 46 2066 7
151 2001 214 2067 His
244 2003 293 2067 ita
324 2004 500 2087 conpositis
532 2005 567 2068 in
598 2005 774 2089 regionem,
810 2026 891 2089 quae
924 2009 1106 2088 satrapeal

63 2089 227 2157 Sittacene
250 2095 394 2175 vocatur,
415 2092 572 2178 pervenit:
595 2092 711 2157 fertilis
733 2098 828 2175 terra,
851 2094 944 2177 copia
965 2115 1073 2159 rerum

63 2183 97 2245 et
119 2180 209 2245 omni
230 2183 412 2245 commeatu
435 2179 611 2245 abundans.
649 2181 762 2264 Itaque
785 2182 906 2246 diutius
928 2182 975 2245 ibi
998 2184 1107 2247 sub-a

63 2267 150 2332 stitit
176 2288 227 2349 ac,
256 2287 297 2331 ne
320 2268 446 2333 desides
469 2269 535 2333 otio
559 2269 764 2334 demitterent
786 2270 924 2352 animos,
951 2270 1073 2335 iudices

63 2354 152 2420 dedit
175 2355 381 2441 praemiaque
403 2357 570 2439 proposuit
592 2357 631 2421 de
654 2357 772 2421 virtute
794 2357 927 2422 militari
950 2362 1071 2422 certan-

61 2442 152 2509 tibus
187 2463 292 2508 nova:
328 2444 383 2526 qui
416 2444 585 2508 fortissimi
616 2444 748 2509 iudicati
780 2448 900 2530 essent,
936 2446 1106 2530 singulise

61 2530 204 2596 militum
224 2531 354 2596 milibus
372 2531 552 2614 praefuturi
567 2536 668 2596 erant.
700 2531 899 2598 Ohiliarchas
912 2533 1073 2598 vocabant

61 2622 140 2683 tunc
175 2619 315 2702 primum
350 2619 386 2685 in
422 2619 506 2684 hunc
540 2641 709 2684 numerum
742 2621 843 2704 copiis
875 2621 1071 2686 distributis:

61 2728 202 2790 namque
230 2709 326 2771 antea
351 2708 583 2793 quingenariae
607 2708 755 2773 cohortes
778 2708 907 2772 fueraut
927 2729 986 2773 nec
1007 2709 1071 2773 for·

60 2795 211 2860 titudinis
243 2795 389 2878 praemia
424 2799 595 2861 cesserant.
647 2795 767 2880 Ingens
802 2796 940 2860 militum
975 2798 1107 2862 turbae

61 2886 256 2949 convenerat
276 2885 408 2968 egregio
430 2884 626 2949 interfutura
648 2882 825 2966 certamini,
846 2886 939 2948 testis
960 2884 1071 2950 eadem

59 2971 216 3055 cuiusque
241 2970 401 3036 factorum
429 2975 462 3036 et
488 2972 527 3036 de
552 2972 710 3037 iudicibus
733 2973 840 3036 latura
863 2972 1070 3037 sententiam:
1114 3050 1117 3056 ⁵

61 3059 181 3144 quippe
202 3079 319 3124 verone
343 3081 386 3122 an
407 3059 490 3124 falso
513 3059 617 3124 honos
641 3060 754 3145 cuique
776 3060 959 3143 haberetur,
980 3061 1072 3145 igno·

60 3149 127 3212 rari
152 3168 221 3212 non
246 3150 382 3230 poterat
426 3146 554 3212 Pu'mus
577 3149 721 3214 omnium
743 3147 872 3212 virtutis
894 3170 994 3212 causa
1017 3150 1107 3215 doe

59 3239 157 3301 natus
184 3237 235 3299 est
263 3235 429 3300 Atharrias
458 3236 577 3321 senior,
608 3236 664 3320 qui
694 3236 847 3300 omissum
874 3236 958 3320 apud
982 3236 1071 3302 Hali·

60 3344 239 3388 camasson
265 3345 286 3387 a
311 3323 490 3389 iunioribus
513 3324 670 3408 proelium
692 3343 776 3389 unus
799 3324 938 3388 maxime
961 3346 1071 3390 aceen-

61 3410 166 3477 derat:
187 3412 351 3496 maximus
374 3411 597 3496 eiAntigenes
619 3412 707 3477 visus
731 3415 794 3477 est:
817 3413 948 3476 tertium
964 3413 1070 3478 locum

58 3496 207 3566 Philotas
234 3499 387 3584 Augaeus
418 3499 574 3566 obtinuits
608 3504 744 3588 quartus
773 3499 941 3584 timentes
964 3499 1083 3560 datus.

49 3592 132 3668 post
149 3586 214 3651 lios
228 3586 420 3675 Antigonus
444 3595 478 3657 et
503 3591 545 3660 ab
571 3613 611 3660 eo
629 3589 821 3680 Lyncestes
837 3586 1009 3669 inmunes
1025 3581 1115 3638 uum.
