2356 3846
237 139 492 228 nisuonsaun
508 171 723 228 camunni
740 173 802 246 vn
822 182 846 231 e.
866 181 890 229 r.
1008 176 1070 240 171

56 315 147 379 ultra
164 313 285 379 Istrum
303 315 461 380 iacentem
480 315 571 381 colite
596 316 715 382 ultima
732 317 846 402 Asiae,
869 339 934 402 qua
951 318 1071 384 Bactra

57 405 149 486 sunt,
177 402 318 486 stringit.
367 402 541 488 Habitant,
569 414 650 488 qua'e
677 405 892 489 septentrioni
919 407 1072 490 propiora

57 494 149 556 sunt:
170 490 349 575 profundae
371 492 445 556 inde
464 492 564 556 silvae
586 493 969 577 vastaequasoliuidines
989 496 1071 560 exci-

57 579 167 664 piunt:
199 600 310 645 rursus
342 600 425 664 quae
453 581 512 660 [et]
540 579 665 645 Tanain
698 585 731 646 et
762 580 883 647 Bactra
916 586 1072 667 spectant,

56 667 202 732 humano
229 668 318 732 cultu
346 667 431 732 haud
459 667 602 751 disparia
629 671 713 733 sunt.
758 668 885 734 Primus
907 680 981 736 'cum
1009 671 1107 742 hace

58 758 155 840 genta
178 775 244 820 non
266 756 432 840 prouisum
456 755 577 820 bellum
599 755 782 822 Alexander
805 763 969 842 gesturus,
998 780 1072 824 cum

58 844 95 907 in
116 847 291 928 conspectu
314 844 382 927 eius
410 844 614 928 obequitaret
640 845 759 929 hostis,
787 845 895 910 adhuc'
913 866 1010 930 aeger
1033 868 1072 912 ex

58 930 203 1015 vulnere,
232 933 404 1016 praecipue
431 953 508 997 voce
539 932 702 1018 deficiens,
736 955 833 1018 quam
861 937 894 998 et
926 933 1070 1000 modicus

60 1018 152 1084 cibus
171 1023 205 1084 et
222 1021 356 1086 cervicis
376 1021 571 1085 extenuabat
589 1021 690 1106 dolor,
709 1021 830 1087 amicos
849 1022 884 1086 in
902 1022 1070 1087 consilium

59 1106 210 1173 advocari
227 1108 327 1174 iubet.
362 1107 518 1174 Terrebat
536 1130 609 1174 eum
626 1131 693 1175 non
710 1109 824 1192 hostis,
843 1109 898 1174 sed
916 1109 1071 1193 iniquitas
1090 1132 1106 1181 6

58 1197 225 1280 temporis.
260 1196 427 1262 Bactriani
446 1197 636 1281 defecerant,
657 1195 797 1283 Scythae
816 1199 917 1263 etiam
935 1198 1072 1263 lacesse-

59 1284 151 1349 bant:
174 1283 244 1369 ipse
266 1305 332 1349 non
354 1285 504 1349 insistere
525 1285 561 1350 in
583 1290 683 1370 terra,
705 1308 772 1352 non
790 1307 872 1370 equo
895 1286 983 1369 vehi,
1005 1307 1071 1351 uon

59 1371 187 1455 docere,
218 1393 284 1437 non
311 1372 538 1438 hortari‘suos
565 1377 704 1458 poterat.
752 1373 899 1458 Ancipiti
927 1375 1106 1459 periculos

58 1459 224 1543 inplicitus
247 1460 324 1526 deos
348 1481 475 1544 quoque
498 1460 648 1526 incusans
672 1463 880 1546 querebatur,
907 1483 941 1527 se
967 1463 1071 1528 iacere

60 1567 209 1633 segnem,
236 1548 326 1613 cuius
349 1547 555 1614 velocitatem
576 1570 672 1614 nemo
696 1557 793 1615 antea
816 1550 975 1614 valuisset
997 1550 1073 1615 effu·

10 1639 50 1705 30
59 1656 149 1720 gere:
172 1636 228 1701 uix
250 1657 326 1701 suos
350 1636 476 1702 credere
499 1658 565 1702 non
589 1637 737 1702 simulari
755 1637 976 1703 valitudinem.
1011 1636 1071 1721 Ita,
1090 1658 1107 1707 8

59 1725 116 1810 qui
142 1728 220 1806 post
241 1723 384 1790 Dareum
411 1725 533 1790 uictum
560 1725 704 1790 hariolos
731 1728 764 1789 et
790 1729 880 1790 vates
903 1725 1071 1790 consulere

59 1811 214 1896 desierat,
244 1834 355 1877 rursus
379 1813 418 1877 ad
442 1812 720 1896 superstitionem,
747 1813 961 1877 humanarum
983 1835 1071 1878 men·

58 1901 143 1965 tium
160 1900 314 1984 ludibria,
331 1899 497 1966 revolutus
515 1899 758 1985 Aristandrum,
777 1901 829 1965 oui
847 1901 1071 1966 credulitatem

60 2009 152 2053 suam
184 1988 364 2072 addixerat,
396 1989 563 2072 explorare
591 1993 742 2053 eventum
770 2011 878 2053 rerum
906 1987 1071 2053 sacrificiis

59 2077 158 2142 iubet
198 2075 271 2142 Mos
294 2080 366 2141 erat
388 2075 614 2160 haruspicibus
637 2078 712 2141 exta
734 2077 803 2141 sine
825 2095 902 2160 rege
926 2080 1071 2159 spectare

59 2168 107 2248 et,
129 2184 211 2248 quae
229 2163 508 2249 portenderentur,
530 2164 659 2230 referre.
695 2163 783 2229 Inter
801 2163 882 2229 haec
900 2185 972 2248 rex,
994 2164 1071 2229 dum
1090 2185 1106 2233 e

59 2252 151 2317 fibris
178 2252 336 2338 pecudum
364 2251 574 2335 explorantur
601 2255 734 2317 eventus
761 2252 933 2318 latentium
956 2273 1072 2335 rerum,

59 2340 195 2425 propius
211 2340 318 2425 ipsum
336 2340 499 2406 considere
519 2339 660 2422 [deinde]
680 2341 802 2406 amicos
821 2341 919 2424 iubet,
937 2361 978 2405 ne
997 2361 1073 2405 con·

60 2429 206 2494 tentione
237 2428 326 2493 vocis
358 2428 541 2494 cicatricem
572 2429 734 2493 infirmam
765 2428 868 2493 adhuc
900 2430 1073 2511 rumperet.

60 2515 272 2601 Hephaestio,
288 2514 443 2584 Craterus
462 2520 495 2581 et
508 2515 664 2601 Erigyius
682 2519 776 2581 erant
794 2538 866 2582 cum
884 2515 1072 2581 custodibus

60 2604 96 2669 in
125 2605 370 2670 tabernaculum
402 2603 544 2670 admissi.
598 2603 813 2688 ‘Discrimen',
848 2604 967 2687 inquit,
1004 2602 1071 2667 ‘me
1091 2621 1126 2671 10

60 2694 231 2777 occupavit
252 2693 387 2758 meliore
409 2692 567 2774 hostium,
589 2714 686 2776 quam
717 2713 788 2757 meo
811 2694 966 2774 tempore.
1009 2689 1073 2756 Sed

59 2781 236 2849 necessitas
264 2785 340 2846 ante
365 2781 524 2847 rationem
552 2783 615 2864 est,
646 2781 786 2846 marimo
813 2781 848 2843 in
874 2779 975 2864 bello,
1008 2800 1071 2863 quo

58 2890 135 2936 raro
162 2869 363 2953 permittitur
389 2872 536 2953 tempora
560 2869 677 2954 legere.
721 2867 875 2933 Defecere
896 2866 1073 2951 Bactriani,
1092 2885 1125 2935 11

59 2957 95 3022 in
122 2978 260 3043 quorum
288 2957 464 3022 cervicibus
492 2962 629 3035 stamus,
657 2959 702 3041 et,
731 2959 888 3041 quantum
915 2956 950 3020 in
976 2956 1072 3021 nobis

59 3046 163 3112 animi
181 3047 237 3129 sit,
260 3045 366 3110 alieno
387 3045 493 3111 Marte
517 3045 731 3129 experiuntur.
766 3042 864 3109 Haud
885 3044 984 3109 dubia
1007 3044 1072 3109 for-

58 3136 148 3200 tuna
194 3131 232 3200 Si
258 3133 461 3199 omiserimus
489 3131 623 3216 Scythas
651 3134 737 3198 ultro
765 3154 857 3197 arma
888 3132 1072 3215 inferentes,

59 3222 239 3307 contempti
257 3222 298 3288 ad
315 3221 405 3305 illos,
424 3221 480 3306 qui
496 3221 695 3305 defecerunt,
712 3224 924 3286 reuertemur:
949 3221 978 3285 si
994 3241 1072 3285 vero
1093 3238 1125 3287 12

59 3309 200 3376 Tanaim
221 3310 446 3376 transierimus
470 3312 504 3373 et
524 3309 642 3393 ubique
664 3309 803 3375 invictos
827 3330 897 3375 esse
919 3329 980 3374 nos
996 3305 1073 3391 Scy·
1126 3306 1129 3310 ’

57 3398 190 3464 thurum
213 3398 354 3482 pernicie
374 3419 411 3463 ao
430 3396 587 3483 sanguine
611 3396 859 3481 ostenderimus,
884 3397 956 3482 quis
980 3395 1072 3460 dubi·

57 3488 146 3554 tabit
168 3506 281 3572 parere
304 3486 403 3551 etiam
425 3484 575 3569 Europae
597 3484 799 3552 uictoribus?
839 3484 1007 3558 bethtur,
1020 3483 1143 3573 mix->s

56 3575 214 3641 terminos
229 3573 357 3660 gloriae
370 3577 508 3643 nostrae
521 3575 663 3643 metitur
676 3574 806 3662 spatio,
820 3569 917 3654 duob
927 3564 1122 3625 samam
