2356 3846
19 560 41 626 3

236 147 490 205 HISTORIARUM
507 147 724 203 ALEXANDRI
741 149 794 218 ΙΙΙ,
814 155 837 203 1.
856 155 882 203 2.
1046 146 1067 211 3

53 314 259 380 nequaquam
282 293 337 359 diu
359 295 501 359 luctatus
524 315 596 358 cum
618 293 793 358 latentibus
815 293 922 370 nodis,
946 291 1070 376 ‘Nihil',

53 383 170 469 inquit,
194 382 349 465 interest,
372 381 532 466 quomodo
556 380 748 446 solvantur':
772 382 942 466 gladioque
965 380 1068 463 ruptis

55 471 206 536 omnibus
228 471 307 535 loris
331 471 451 535 oraculi
474 473 594 535 sortem
616 471 667 533 vel
689 469 786 534 elusit
807 471 858 534 vel
879 470 1024 553 inplevit.

145 557 227 623 Oum
254 559 368 623 deinde
391 557 545 641 Dareum,
577 558 768 641 ubicumque
796 561 890 641 esset,
913 579 1120 641 occuparem

57 648 238 730 statuisset,
269 650 308 711 ut
336 669 356 711 a
382 649 475 731 tergo
502 650 574 710 tuta
596 647 802 729 relinqueret,
834 647 1069 730 Amphoterum

56 736 154 801 classi
176 736 217 799 ad
241 757 331 800 oram
349 733 561 818 Hellesponti,
585 735 684 818 copiis
708 738 816 798 autem
834 735 988 816 praefecit
1005 735 1069 800 He·

57 823 237 909 gelochum,
250 821 389 887 Lesbum
403 826 436 887 et
445 821 561 888 (lhium
571 821 736 907 Coumque
749 824 917 905 praesidiis
926 823 1069 888 hostium

56 913 258 976 liberaturos.
301 910 363 975 His
389 911 513 975 talenta
539 911 580 975 ad
607 912 683 975 belli
706 932 800 975 usum
823 912 1000 995 quingenta
1023 916 1069 976 at
1087 933 1122 982 ao

56 1000 192 1064 tributa:
215 1000 256 1063 ad
274 998 483 1083 Antipatrum
506 1002 539 1063 et
561 1020 624 1082 eos,
648 1001 703 1083 qui
721 998 860 1064 Graecas
882 1001 977 1064 urbes
1000 1003 1068 1064 tue·

57 1088 190 1170 bantur,
213 1090 363 1151 sexcenta
384 1087 497 1152 missa:
521 1107 560 1150 ex
582 1087 709 1151 foedere
731 1109 829 1152 naves
854 1088 948 1152 sociis
970 1089 1069 1172 impe·

57 1179 161 1257 ratae,
193 1196 274 1258 quae
296 1173 508 1258 Hellesponto
535 1176 762 1261 praesiderent.
806 1175 960 1240 Nondum
983 1177 1070 1241 enim
1088 1199 1121 1247 21

57 1263 264 1328 Memnonem
286 1263 354 1327 rita
374 1262 547 1327 excessisse
566 1267 768 1347 cognoverat,
790 1265 825 1328 in
844 1286 938 1349 quem
957 1286 1069 1330 omnes

57 1351 241 1416 intenderat
263 1373 364 1433 curas,
387 1351 465 1414 satis
489 1371 608 1435 gnarus
631 1355 746 1416 cuncta
768 1352 803 1415 in
826 1353 973 1435 expedito
991 1353 1070 1437 fore,

59 1439 87 1504 si
109 1439 191 1503 nihil
214 1439 255 1502 ab
278 1459 316 1503 eo
339 1443 529 1503 moveretur.

147 1526 279 1627 Iamque
302 1526 343 1590 ad
365 1527 478 1591 urbem
496 1524 662 1609 Aneyram
685 1532 816 1592 ventum
837 1533 913 1613 erat,
936 1530 992 1593 ubi
1011 1552 1069 1593 nu·
1088 1551 1122 1600 22

58 1636 148 1680 mero
171 1615 336 1697 copiarum
359 1615 440 1679 inito
458 1613 746 1698 Paphlagoniam
736 1639 771 1679 in
771 1620 849 1680 t:rat
872 1580 946 1681 hdie
969 1618 1071 1682 iuncti

59 1705 153 1767 crant
173 1700 305 1785 Heneti,
332 1703 416 1766 unde
444 1703 574 1803 quidam
597 1701 777 1767 Venetost
763 1704 890 1769 trahere
913 1705 1071 1790 originem

58 1791 203 1856 credunt.
248 1788 360 1855 Omnis
383 1790 463 1854 haec
484 1792 573 1874 regio
596 1791 705 1874 paruit
726 1792 795 1876 regi
818 1792 883 1855 dat
859 1796 963 1875 trsque
988 1794 1069 1858 obsi·
1089 1813 1123 1864 23

37 1879 154 1943 dibus
175 1878 343 1961 tributum,
358 1878 451 2030 tquod
473 1900 514 1942 ne
532 1878 639 1943 Persis
663 1879 790 1963 quidem
813 1880 963 1944 tulissent
949 1885 1071 1982 t,pen-

23 2408 47 2472 4

58 1967 134 2031 dere
156 1987 197 2030 ne
220 1973 372 2050 cogerent
372 1989 424 2050 ur,
445 1966 696 2049 inpetraverunt
733 1966 827 2033 Calas
849 1969 924 2032 huic
946 1970 1071 2053 regioni
1090 1990 1125 2040 24

59 2054 262 2138 praepositus
295 2058 360 2119 est:
397 2055 467 2137 ipse
500 2055 692 2139 adsumptis,
724 2056 779 2139 qui
811 2079 850 2120 ex
881 2056 1072 2122 Macedonia

59 2163 164 2226 nuper
187 2141 393 2220 advenerant,
418 2141 655 2226 Cappadociam
677 2145 779 2225 petiit.

494 2299 572 2366 Car.
595 2293 639 2366 111

150 2404 197 2470 At
218 2405 342 2470 Dareus
364 2407 513 2471 nuntiata
531 2406 713 2472 Memnonis
736 2412 838 2474 morte
861 2409 948 2474 haud
971 2432 1072 2494 secus,
1094 2430 1107 2482 ι

61 2517 158 2580 quam
193 2497 356 2577 parerat,
387 2497 494 2559 motus
523 2495 642 2560 omissa
669 2497 756 2560 omni
784 2497 847 2561 alia
875 2520 931 2580 spe
960 2500 1073 2563 statuit

60 2585 131 2667 ipse
154 2583 336 2647 decernere:
359 2581 477 2665 quippe
501 2605 582 2668 quae
604 2605 662 2667 per
680 2584 775 2648 duces
795 2607 870 2650 suos
889 2589 960 2649 aeta
974 2590 1073 2662 erant,

61 2674 178 2737 cuncta
191 2671 374 2752 damnabat,
391 2674 481 2735 ratus
478 2671 640 2822 tpluribus
654 2693 772 2755 curam,
791 2674 939 2737 omnibus
954 2634 1073 2738 afuisse

60 2760 234 2824 fortunam
288 2757 393 2844 Igitur
424 2762 492 2822 cast
493 2760 537 2823 ris
569 2759 610 2822 ad
642 2722 812 2861 Babyloha
841 2762 973 2863 positis,
1009 2781 1109 2862 quoa

61 2848 183 2914 maiore
211 2848 318 2912 animo
346 2851 548 2930 capesserent
575 2835 767 2931 bellum,
739 2849 905 2914 universas
932 2850 1016 2915 vires
1038 2850 1074 2913 in

62 2940 270 3020 conspectum
302 2936 389 3000 dedit
375 2939 454 2999 tet
485 2930 680 3000 circumdato
714 2937 815 3020 vallo,
847 2938 932 3021 quod
965 2939 1073 3003 decem

62 3025 187 3090 milium
208 3027 405 3089 armatorum
423 3024 505 3087 mult
491 3024 662 3089 titudinem
680 3028 816 3109 caperet,
837 3024 952 3090 Xerxis
971 3047 1075 3089 exem·

62 3114 117 3198 plo
150 3133 320 3177 numerum
351 3112 515 3194 copiarum
546 3113 628 3177 iniit
678 3111 756 3177 Orto
784 3114 850 3178 sole
879 3114 920 3177 ad
946 3118 1109 3184 noctems

65 3200 205 3285 agmina,
228 3200 312 3264 sicut
334 3199 487 3282 discripta
509 3204 614 3283 erant,
637 3201 795 3264 intravere
818 3202 946 3266 vallum.
995 3201 1075 3267 Inde

65 3289 183 3352 emissa
212 3291 445 3371 occupaverant
473 3287 726 3371 Mesopotamiae
755 3310 901 3373 campos,
933 3291 1075 3373 equitum

64 3376 272 3460 peditumque
289 3377 521 3459 propemodum
538 3377 782 3442 innumerabilis
799 3378 903 3455 turba,
921 3377 1076 3441 maiorem

66 3486 163 3549 quam
195 3485 255 3547 pro
287 3485 420 3529 numero
453 3464 592 3547 speciem
622 3464 738 3531 ferens.
786 3464 956 3530 Persarum
985 3469 1115 3533 erant4

66 3556 196 3618 eentum
213 3551 311 3635 milia,
332 3553 368 3616 in
387 3553 459 3638 quis
478 3573 578 3640 eques
593 3571 671 3620 xxx
684 3554 849 3638 inplebat.
865 3551 972 3614 hhehr
982 3551 1107 3609 herm
1130 3572 1139 3584 ·

917 3651 957 3703 ft·
