2356 3846
236 159 490 217 HISTORIARUM
507 160 722 216 ALEXANDRI
739 160 802 230 VII,
822 167 846 216 7.
866 167 890 220 8.
1007 160 1071 224 175

58 303 255 389 sapientiam
287 325 412 388 quoque
441 325 554 388 capere
586 304 750 390 dicuntur,
779 307 1070 390 quantamcumque

58 414 139 478 gens
172 392 260 476 capit
291 413 417 476 semper
449 396 583 458 armata.
632 389 698 478 Sic,
730 415 812 477 quac
844 395 969 459 locutos
1000 413 1070 457 esse
1089 412 1123 462 11

60 480 148 566 apud
164 501 274 565 regem
292 481 468 546 memoriae
486 480 650 565 proditum
664 485 723 565 est,
741 481 916 547 abhorrent
933 481 1072 546 forsitan

57 569 216 643 moribus,
230 568 465 653 homiarlusque
493 569 614 634 nostris
647 572 681 634 et
707 573 855 654 tempora
881 574 915 635 et
940 570 1071 654 ingenia

57 657 198 723 cultiora
227 657 362 722 sortitis.
407 654 471 722 Sed
498 661 535 722 ut
560 658 666 740 possit
688 658 791 724 oratio
816 680 927 723 eorum
954 658 1072 742 sperni,

56 749 169 811 tamen
194 743 275 810 fides
302 748 414 810 nostra
441 766 506 811 non
529 744 637 810 debet:
665 767 777 830 quare,
800 750 971 830 utcumque
995 749 1072 810 sunt

10 836 48 899 34
57 833 194 916 tradita,
224 833 412 917 incorrupta
437 832 644 917 perferemus.
692 833 798 919 Igitur
824 856 923 899 unum
952 855 990 898 ex
1018 833 1070 897 his
1090 851 1124 901 12

59 921 236 986 maximum
269 925 348 987 natu
379 923 522 987 locutum
554 922 747 1006 accepimus:
780 920 827 987 ‘Si
858 922 891 986 di
921 921 1071 986 habitum

60 1010 206 1093 corporis
238 1011 288 1075 tui
319 1009 468 1075 aviditati
500 1011 600 1075 animi
632 1033 743 1094 parem
776 1032 845 1075 esse
881 1010 1072 1093 voluissent,

59 1097 148 1163 orbis
175 1101 208 1162 te
235 1119 301 1163 non
328 1102 470 1181 caperet:
503 1099 605 1164 altera
634 1120 732 1164 manu
759 1096 936 1176 Orientem,
968 1097 1072 1162 altera

59 1184 267 1252 Occidentem
290 1186 494 1271 contingeres
518 1192 551 1253 et
572 1187 634 1252 hoc
657 1187 827 1252 adsecutus
855 1187 936 1251 scire
962 1186 1071 1268 velles,

58 1274 116 1338 ubi
139 1274 223 1339 tanti
246 1274 388 1339 numinis
410 1275 521 1359 fulgor
540 1274 736 1341 conderetur.
774 1273 828 1340 Sic
851 1295 976 1358 quoque
996 1294 1070 1338 oon·

58 1363 211 1446 cupiscis,
243 1384 324 1446 quae
355 1384 421 1428 non
448 1363 548 1447 capis.
596 1363 649 1429 Ab
676 1364 809 1447 Europa
835 1363 919 1446 petis
947 1361 1071 1455 Asiam,
1091 1380 1125 1428 13

59 1472 99 1514 ex
112 1450 194 1538 Asia
210 1451 330 1515 transis
343 1450 378 1515 in
392 1449 571 1534 Europam:
591 1450 714 1535 deinde,
732 1452 761 1517 si
774 1452 951 1516 humanum
968 1471 1070 1536 genus

58 1559 153 1604 omne
177 1539 391 1623 superaveris,
413 1561 486 1604 cum
511 1540 600 1604 silvis
621 1543 654 1603 et
675 1539 804 1604 nivibus
828 1543 861 1603 ct
883 1538 1071 1603 fluminibus

57 1627 199 1709 ferisque
222 1626 337 1691 bestiis
360 1631 510 1711 gesturus
530 1648 564 1692 es
586 1627 718 1694 bellum.
754 1626 859 1703 Quid?
883 1632 920 1693 tu
938 1626 1071 1710 ignoras
1091 1644 1125 1692 14

58 1714 190 1780 arbores
227 1734 363 1798 magnas
400 1715 455 1780 diu
491 1736 645 1798 crescere,
680 1737 745 1780 una
778 1714 860 1780 hora
892 1713 1071 1796 extirpari?

58 1801 186 1868 Stultus
219 1806 283 1882 est,
315 1803 370 1887 qui
401 1803 524 1868 fructus
554 1824 665 1867 earum
694 1806 832 1887 spectat,
864 1800 1071 1867 altitudinem

57 1912 125 1956 non
151 1890 295 1956 metitur.
339 1889 436 1975 Vide,
463 1912 517 1975 ne,
547 1890 623 1955 dum
651 1891 691 1956 cd
719 1912 872 1956 cacumen
902 1890 1071 1973 peruenire

58 1979 245 2058 contendis,
268 1999 340 2043 cum
362 1978 444 2062 ipsis
467 1979 581 2063 ramis,
609 2000 689 2062 quos
713 1978 995 2062 conprehenderis,
1019 1977 1071 2042 de·

58 2067 162 2132 cidus(
196 2065 262 2132 Leo
281 2087 407 2151 quoque
426 2067 598 2150 aliquando
617 2067 822 2131 minimarum
843 2067 951 2132 avium
969 2066 1071 2149 pabu-
1092 2083 1125 2132 15

57 2156 127 2220 lum
145 2155 210 2220 fuit
228 2159 261 2220 et
278 2155 401 2220 ferrum
414 2156 531 2240 rubigo
546 2156 716 2222 consumit.
750 2153 842 2220 Nihil
860 2158 927 2219 tam
941 2154 1070 2218 firmum

58 2248 123 2326 est,
151 2243 202 2311 cui
228 2243 407 2326 periculum
434 2264 501 2308 non
528 2244 572 2308 sit
599 2244 697 2309 ctiam
721 2243 761 2308 ab
790 2242 941 2308 invalido.
987 2241 1072 2318 Quid
1092 2261 1126 2310 16

57 2331 155 2396 nobis
177 2333 284 2396 tecum
308 2331 383 2396 est‘?
422 2329 609 2415 Numquam
635 2335 756 2397 terram
779 2335 869 2396 tuam
893 2331 1071 2416 attigimus.

59 2417 122 2494 Qui
144 2419 203 2502 sis,
225 2418 309 2484 unde
332 2419 458 2499 venias,
484 2420 601 2484 licetne
623 2419 773 2503 ignorare
796 2419 954 2483 investis
979 2419 1070 2483 silvis

57 2506 266 2572 viventibus?
311 2505 380 2574 Nec
402 2507 522 2572 servire
549 2507 607 2572 ulli
629 2528 802 2590 possumus
825 2527 883 2570 nec
911 2508 1071 2588 imperare

57 2594 285 2661 desideramus.
334 2593 428 2661 Dona
455 2595 548 2660 nobis
581 2594 657 2660 data
684 2599 772 2678 sunt,
803 2615 843 2658 ne
876 2591 1069 2678 Scytharum
1090 2613 1124 2662 1'1

59 2688 191 2768 gentem
222 2683 368 2767 ignores,
404 2684 516 2768 iugum
547 2683 645 2748 boum
678 2685 711 2746 et
747 2686 904 2766 aratrum,
941 2682 1071 2766 sagitta,

56 2771 163 2857 hasta,
185 2776 308 2855 patera
344 2769 406 2836 His
428 2775 549 2836 utimur
572 2773 701 2836 etcum
725 2771 838 2835 amicis
861 2773 894 2834 et
917 2769 1070 2835 adversus

56 2860 216 2935 inimicos.
251 2858 374 2950 Fruges
389 2860 500 2924 amicis
520 2859 633 2925 damus
651 2860 750 2924 boum
768 2858 880 2923 labore
897 2859 1071 2944 quaesitas,
1091 2878 1125 2930 18

57 2953 173 3034 patera
191 2969 263 3013 cum
286 2947 389 3014 isdem
407 2948 519 3013 vinum
537 2946 585 3012 dis
608 2947 757 3025 libamus,
780 2946 927 3011 inimicos
950 2947 1071 3032 sagitta

59 3036 197 3120 eminus,
225 3036 322 3101 hasta
348 3036 525 3101 comminus
553 3034 703 3120 petimus.
749 3033 802 3100 Sic
825 3031 938 3118 Syriae
960 3056 1070 3121 regem

58 3129 91 3190 et
112 3127 232 3210 postea
249 3122 419 3190 Persarum
437 3123 669 3210 Medorumque
693 3123 928 3207 superavimus,
950 3124 1071 3207 patuit

57 3235 120 3298 que
146 3212 242 3279 nobis
270 3212 334 3277 iter
359 3234 459 3296 usque
488 3213 523 3276 in
549 3213 746 3297 Aegyptum.
795 3211 842 3276 At
868 3215 917 3296 tu,
951 3214 1006 3296 qui
1037 3216 1071 3277 te
1090 3233 1124 3282 19

57 3301 210 3387 gloriaris
242 3299 284 3365 ad
315 3301 458 3366 latrones
493 3299 732 3386 persequendos
764 3301 887 3384 venire,
924 3301 1069 3365 omnium

55 3390 213 3476 gentium,
231 3410 310 3473 quas
330 3388 436 3473 adisti,
458 3389 544 3455 latro
565 3411 608 3454 ee.
644 3387 779 3473 Lydiam
798 3389 920 3472 cepisti,
939 3387 1069 3472 Syriam

55 3477 237 3564 occupasti,
268 3475 432 3542 Persidem
465 3481 571 3563 tenes,
602 3476 795 3543 Bactrianos
821 3477 928 3539 hahes
951 3477 996 3536 'un
1013 3497 1077 3550 qs-

54 3569 186 3652 testate,
218 3564 315 3632 Indos
347 3565 477 3654 petisti:
509 3568 582 3637 iam
612 3567 722 3634 etiam
750 3565 800 3631 ad
826 3579 961 3645 pesona
982 3555 1114 3613 asama
