2370 3834
251 184 505 242 HISTORIARUM
521 184 736 240 ALEXANDRI
753 185 813 256 VH,
832 193 857 241 9.
878 192 919 241 10.
1025 186 1087 252 179

80 331 168 398 virili
193 352 253 415 par
280 352 347 396 non
373 333 452 394 erat.
496 325 570 412 Ipse
594 325 728 393 Cratero
757 349 828 393 cum
851 329 974 395 maiore
997 335 1090 413 parte
1108 343 1143 392 20

81 420 239 486 exereitus
262 418 397 484 modicis
418 417 589 482 itineribus
613 417 702 499 sequi
724 417 812 481 iusso
837 417 877 480 ad
895 417 1091 483 Maracanda

80 509 194 573 urbem
215 507 378 591 contendit,
401 527 440 569 ex
463 526 528 587 qua
550 502 751 588 Spitamenes
775 509 927 587 conperto
951 507 1019 570 eius
1039 506 1091 571 ad-

80 601 179 661 ventu
196 593 316 660 Bactra
333 592 529 678 perfugerat.
563 592 678 676 Itaque
692 592 868 676 quadriduo
887 615 943 658 rex
957 595 1091 679 longum
1109 606 1142 655 21

79 683 208 748 itineris.
229 683 371 767 spatium
395 702 542 746 emensus
560 684 750 765 pervenerat
768 681 803 744 in
822 702 894 744 eum
912 681 1034 766 locum,
1057 683 1092 748 in

81 792 144 856 quo
163 769 351 835 Menedemo
375 770 454 834 duce
476 769 540 834 duo
561 768 653 833 milia
670 769 814 851 peditum
833 772 866 832 et
884 785 948 834 cco
967 771 1091 853 equites

82 859 243 924 amiseram
278 857 404 923 Horum
421 879 496 923 ossa
512 857 637 921 tumulo
656 857 786 942 contegi
801 856 898 921 iussit
911 862 944 922 et
957 858 1091 923 inferias

81 966 171 1012 more
192 949 250 1047 pat
250 946 299 1011 rio
323 944 419 1010 dedit.
460 944 532 1009 Iam
555 943 707 1010 Craterus
734 966 807 1009 cum
835 943 996 1030 phalange
1018 946 1091 1009 sub·
1110 960 1144 1009 22

82 1034 174 1136 sequi
194 1035 302 1098 iussus
330 1033 371 1097 ad
396 1053 507 1118 regem
530 1036 729 1116 pervenerat.
770 1033 885 1116 Itaque
907 1037 945 1097 ut
971 1056 1092 1117 omnes,

82 1123 137 1206 qui
160 1120 357 1201 defecerant,
378 1122 502 1204 pariter
524 1121 604 1186 belli
623 1120 714 1186 clade
730 1124 959 1207 premerentur,
983 1122 1091 1205 copias

83 1209 199 1275 dividit
219 1209 335 1293 urique
358 1229 454 1294 agros
478 1212 512 1273 et
533 1209 671 1274 interfici
697 1210 834 1293 puberes
858 1210 958 1276 iubet.

517 1364 598 1432 (lar.
620 1366 660 1431 X.

27 1478 72 1545 39
172 1470 334 1558 Sogdiana
351 1471 442 1555 regio
457 1472 578 1535 maiore
598 1493 636 1535 ex
654 1475 747 1555 parte
764 1472 894 1537 deserta
912 1477 974 1538 estc
994 1474 1093 1540 ootin-
1113 1486 1128 1534 1

81 1563 181 1647 genta
198 1561 266 1626 fere
289 1559 395 1625 stadia
417 1559 452 1623 in
473 1559 679 1623 laditudinem
703 1563 813 1624 vastae
835 1560 1026 1626 solitudines
1045 1565 1092 1627 te-

81 1652 171 1716 nent.
215 1648 336 1732 Ingens
360 1647 502 1730 spatium
524 1651 632 1712 rectae
654 1647 796 1732 regionis
821 1652 883 1730 est,
909 1670 968 1732 per
993 1661 1126 1733 quama

82 1737 188 1802 amnis
211 1771 249 1783 —
270 1735 504 1819 Polytimetum
521 1738 639 1800 vocant
657 1736 782 1800 incolae
803 1771 842 1782 -
866 1735 977 1801 fertur.
1015 1736 1094 1803 Tor·

81 1827 207 1890 rentem
235 1846 308 1889 eum
335 1823 426 1906 ripae
452 1823 487 1886 in
509 1826 639 1888 tenuem
661 1824 789 1887 alveum
816 1827 949 1907 cogunt,
978 1823 1092 1888 deinde

82 1933 220 1978 caverna
243 1910 363 1994 accipit
386 1913 419 1974 et
445 1910 505 1976 sub
528 1914 647 1975 terram
675 1911 771 1994 rapit.
816 1908 936 1975 Cursus
961 1912 1127 1976 abscon-a

83 2000 143 2065 diti
174 1999 327 2064 indicium
359 2002 409 2063 est
441 2019 542 2081 aquae
571 1999 709 2063 meantis
741 2020 852 2082 sonus,
884 2020 957 2063 cum
984 1999 1092 2083 ipsum

83 2089 203 2171 solum,
226 2087 286 2152 sub
311 2107 374 2170 quo
397 2089 508 2150 tantus
528 2086 632 2150 amnis
651 2087 736 2168 fluit,
758 2107 799 2150 ne
817 2086 944 2152 modico
964 2087 1093 2171 quidem

20 2201 23 2205 ²
81 2175 212 2241 resudet
233 2174 379 2239 humore.
423 2172 474 2238 Ex
497 2173 634 2256 captivis
658 2171 895 2257 Sogdianorum
918 2174 959 2239 ad
982 2187 1128 2260 regeml

81 2281 156 2329 xxx
168 2261 367 2328 nobilissimi
381 2282 551 2344 corporum
564 2261 680 2326 robore
695 2262 812 2327 eximio
825 2263 972 2345 perducti
987 2268 1092 2329 erant:

83 2352 139 2436 qui
161 2360 195 2415 at
217 2371 274 2434 per
301 2351 510 2433 interpretem
537 2354 759 2431 cognoverunt
780 2350 871 2415 iussu
893 2352 980 2436 regis
1003 2353 1092 2435 ipsos

83 2439 124 2503 ud
147 2438 341 2522 supplicium
363 2437 465 2518 trahi,
493 2458 623 2512 carmen
645 2437 836 2501 laetantium
859 2438 955 2502 modo
980 2460 1093 2503 canere

81 2526 297 2610 tripudiisque
316 2529 349 2589 et
366 2524 531 2589 lasciviori
549 2524 693 2606 corporis
712 2528 804 2588 motu
823 2526 976 2608 gaudium
996 2527 1094 2609 quod-

82 2615 159 2679 dam
181 2614 282 2678 animi
296 2615 468 2677 'ostentare
487 2615 670 2693 coeperunt.
715 2611 903 2676 Admiratus
927 2614 1004 2693 [est]
1028 2623 1128 2693 rex,5

81 2706 177 2767 tanta
207 2700 432 2786 magnitudine
464 2699 564 2763 animi
596 2700 747 2781 oppetere
779 2703 917 2764 mortem
948 2702 1094 2765 revocari

82 2811 139 2856 eos
161 2789 270 2872 iussit,
297 2809 429 2854 causam
452 2790 522 2852 tam
544 2787 664 2851 effusae
687 2786 845 2864 laetitiae,
876 2809 947 2852 oum
972 2789 1094 2872 suppli-

82 2877 170 2943 cium
193 2882 269 2942 ante
292 2877 402 2942 oculos
420 2876 587 2958 haberent,
611 2875 788 2958 requirens.
832 2874 897 2957 Illi,
920 2876 949 2939 si
968 2877 1009 2940 ab
1029 2877 1130 2942 alioc

81 2965 313 3048 occiderentur,
336 2965 447 3029 tristes
466 2964 642 3028 morituros
660 2962 762 3027 fuisse
779 2964 987 3046 respondent:
1010 2986 1096 3030 nunc

82 3076 104 3119 a
120 3057 213 3118 tanto
236 3073 324 3137 rege,
346 3053 468 3117 victore
488 3052 633 3115 omnium
652 3050 808 3135 gentium,
830 3051 1008 3115 maioribus
1028 3053 1095 3118 suis

81 3140 225 3206 redditos
244 3141 418 3206 honestum
436 3143 584 3223 mortem,
603 3160 700 3222 quam
720 3140 820 3203 fortes
839 3138 902 3204 viri
920 3144 998 3205 voto
1018 3162 1095 3224 quo·

81 3251 145 3314 que
174 3231 374 3313 expeterent,
402 3227 598 3293 carminibus
626 3227 677 3291 sui
705 3228 803 3292 moris
832 3229 1039 3329 laetitiaque·
1045 3250 1094 3292 oe·

81 3318 220 3383 labrare
273 3317 356 3382 Tum
385 3337 443 3382 rex
478 3314 655 3379 admiratus
691 3316 947 3421 magnitudinem
987 3316 1096 3399 animi,
1115 3328 1131 3377 r

82 3405 236 3490 Quaero,
269 3405 388 3490 inquit,
421 3425 463 3468 an
490 3404 597 3468 virere
624 3403 712 3467 velit'
690 3407 731 3467 t1s
760 3424 826 3467 non
854 3404 978 3469 inimici
1005 3403 1096 3485 mibi,

82 3494 174 3559 cuius
196 3493 356 3558 beneficio
379 3491 497 3558 victuri
516 3490 628 3556 estisl'
669 3489 725 3554 Illi
742 3513 926 3575 numquam
938 3513 980 3553 ss
991 3513 1105 3551 mx.
1074 3501 1145 3546 s

82 3603 140 3648 cos
159 3581 199 3661 ei,
217 3581 273 3646 sed
293 3581 379 3648 bello
398 3580 571 3648 lacessitos
586 3580 709 3648 hostes
726 3579 837 3646 luisse
851 3573 1085 3656 respectam
1102 3566 1144 3622 ἐκ

926 3673 986 3726 m
