2356 3846
117 188 183 254 206
493 187 525 254 Q.
544 187 656 244 CURTI
673 188 760 243 RUFI

118 335 272 418 emilane,
296 354 337 398 ne
359 332 497 401 invisam
517 332 600 397 mihi
622 332 802 398 liberalitat
787 336 854 398 tem
874 353 980 398 meam
1004 333 1138 418 fuoiam,

118 425 147 489 si
168 385 284 508 pudoii
306 426 414 486 vestre
438 440 569 506 gravem
593 420 707 486 feeero.
739 421 801 486 Tot
787 425 856 487 tum
881 422 1059 487 exereitum
1083 422 1136 488 ad·

119 498 245 597 spioite:
279 510 334 596 qui
361 510 460 594 paulo
488 512 564 574 ante
590 508 674 573 nihil
700 513 831 594 praetor
859 531 951 576 arma
979 509 1134 594 habebat,

117 621 202 665 nune
239 598 399 684 argenteis
433 599 531 663 eubat
566 597 671 663 leetis:
710 619 839 664 mensas
874 620 952 664 auro
986 603 1135 684 onerant,

118 708 282 753 servorum
306 706 421 773 greges
445 686 566 750 ducunt
551 685 712 770 t,spolia
735 686 774 751 de
796 686 947 752 hostibus
971 687 1133 752 sustinere

66 787 99 836 10
117 796 184 841 non
200 777 346 860 possunt.
323 775 426 839 ttA
411 774 531 840 tenim
549 735 676 858 Persae,
695 795 776 858 quos
794 775 940 858 vicimus,
957 775 995 840 in
1013 796 1133 862 magno

117 865 241 931 honore
263 868 340 929 sunt
366 861 452 946 apud
478 863 545 927 me!
590 862 749 947 Equidem
777 862 1014 928 moderationis
1041 884 1133 929 meae

118 953 335 1019 certissimum
371 949 525 1016 indicium
562 954 625 1034 est,
666 949 751 1035 quod
788 972 829 1016 ne
866 952 962 1017 vietis
1002 950 1133 1036 quidem

119 1041 281 1125 superbe
271 1060 406 1123 1mpero.
441 1037 525 1103 Veni
544 1001 630 1103 enini
648 1039 683 1103 in
696 1038 825 1124 Asiam,
847 1060 918 1105 ιιοιι
930 1044 969 1104 ut
985 1034 1150 1106 funditus

118 1133 295 1195 everterem
319 1130 432 1213 gentes
455 1148 515 1192 neo
537 1130 573 1192 ut
600 1126 733 1192 dimidia
755 1132 848 1211 parte
870 1131 1033 1194 terrarum
1057 1128 1133 1194 soli-

117 1218 262 1283 tudinem
284 1216 436 1294 faeerem‚
458 1215 517 1280 sed
534 1220 573 1280 ut
595 1215 685 1299 illos,
700 1237 787 1301 ·quos
811 1215 899 1282 bello
918 1217 1132 1301 subegissem‚

67 1319 98 1367 ιι
118 1306 275 1372 victoriae
294 1325 385 1369 meae
407 1325 473 1369 non
494 1304 685 1388 paeniteret.
721 1303 752 1368 I
738 1308 837 1389 aque
858 1304 945 1370 milit
930 1309 1004 1370 tant
1022 1305 1132 1371 vobis·

118 1416 206 1476 eum,
242 1413 301 1476 pro
337 1392 474 1476 imperio
505 1396 577 1458 vest
577 1414 613 1458 ro
650 1392 840 1477 sanguinem
878 1391 1035 1477 fundunt,
1079 1393 1133 1479 qui

117 1443 254 1565 superbe
267 1481 362 1545 habit
362 1480 608 1545 irebellassent.
639 1479 715 1546 Non
729 1484 778 1547 est
763 1480 944 1546 tdiuturna
956 1482 1133 1566 possessio,

117 1571 277 1654 inquam
304 1567 414 1654 gladio
441 1568 636 1633 indueimur:
664 1570 894 1635 beneficiorum
917 1570 1026 1655 gratia
1050 1587 1133 1636 aern-

65 1660 247 1743 1apiterna
269 1662 328 1722 est
372 1655 407 1722 Si
428 1657 547 1722 hebere
570 1655 698 1740 Asiam,
721 1678 787 1723 non
808 1658 949 1724 transire
971 1657 1133 1743 volumus,

117 1769 189 1811 eum
215 1746 268 1811 his
292 1745 558 1811 eommunieanda
581 1750 632 1810 est
657 1749 733 1810 nost
733 1768 771 1810 ra
798 1746 983 1811 elementia:
1014 1746 1132 1812 horum

115 1834 197 1900 fides
225 1835 341 1900 stabile
369 1839 402 1898 et
427 1837 594 1898 aeternum
621 1833 719 1899 faciet
747 1835 928 1918 imperium.
978 1833 1025 1900 Et
1055 1854 1131 1901 sane

116 1925 191 2007 plus
209 1923 380 2004 habemus,
403 1942 500 2005 quam
519 1922 672 2005 eapimus.
708 1921 908 1988 Insatiabilis
927 1926 1037 1988 autem
1058 1944 1130 1990 ava·

115 2013 193 2076 ritia
221 2013 270 2076 est
302 2010 406 2075 adhue
436 2010 561 2094 inplere
588 2010 685 2095 velle,
719 2010 805 2094 quod
836 2011 903 2076 iam
930 2011 1129 2077 circumfluit

116 2099 350 2164 Verumtamen
377 2120 487 2163 eorum
513 2117 611 2164 mores
637 2100 673 2163 in
698 2097 892 2164 Macedonas
924 2099 1129 2167 transfundo!

66 2199 98 2248 13
117 2187 156 2252 In
181 2187 294 2251 multis
317 2186 404 2251 enim
427 2186 579 2271 gentibus
603 2207 672 2252 esse
696 2186 802 2271 video,
825 2208 907 2290 quae
928 2208 996 2254 non
1018 2189 1128 2255 erube·

118 2296 244 2340 scamus
268 2274 405 2339 imitari:
429 2295 488 2339 nee
506 2274 567 2339 alit
552 2277 660 2340 ttaer
625 2276 783 2340 tantum
773 2277 946 2359 imperium
965 2281 1023 2361 apt
1024 2299 1043 2342 e
1061 2277 1128 2363 regi

117 2366 239 2448 potest,
271 2383 369 2446 quam
400 2364 438 2428 ut
469 2362 625 2446 quaedam
658 2368 692 2428 et
724 2364 890 2429 tradamus
922 2363 990 2429 illis
1023 2370 1059 2430 et
1089 2365 1126 2431 ab

65 2463 99 2512 14
117 2453 219 2517 isdem
241 2450 413 2516 diseamus
456 2449 542 2515 Illud
564 2472 667 2535 paene
690 2451 873 2536 dignum
846 2474 915 2517 r1su
937 2452 1014 2537 suit,
1045 2449 1148 2539 quodl
1132 2445 1162 2514 ιι

116 2540 310 2606 Hermolaus
328 2543 403 2623 post
388 2540 517 2604 ttulaba
502 2543 555 2605 ta
574 2561 640 2620 me,
658 2543 696 2605 ut
714 2561 879 2606 aversarer
895 2539 1022 2624 Iovem,
1040 2543 1125 2609 euius

66 2629 247 2694 meraculo
276 2629 463 2713 adgnoscor.
516 2628 566 2693 An
594 2628 707 2712 etiam,
741 2629 817 2712 quid
846 2628 879 2695 di
906 2630 1126 2714 respondeant,

117 2717 152 2780 in
175 2738 247 2781 mea
268 2720 431 2800 potestate
454 2716 526 2782 est?
563 2714 691 2781 Obtulit
710 2737 828 2782 nomen
850 2716 911 2782 filii
934 2717 1029 2783 mihi:
1052 2717 1125 2785 reoi-

117 2804 736 2976 lllidarhsdudiehlhsdquqeuadeuhdhddlsb
762 2803 1127 2961 dhubrdddhdlmFffld

118 2978 205 3042 enim
227 2979 316 3044 bella
334 2980 486 3044 constant
504 2980 537 3042 et
504 2999 656 3062 esaepe
680 2980 793 3065 etiam,
816 2982 901 3066 quod
924 2981 1009 3047 falso
1031 2983 1125 3049 orodi·

67 3070 188 3131 1atum
221 3070 283 3151 est,
314 3067 383 3132 veri
415 3066 517 3131 vioem
545 3066 696 3132 obtinuit.
745 3067 799 3134 An
830 3091 882 3136 me
910 3070 1095 3138 luxuriae
1085 3092 1127 3136 ιιι·

118 3154 304 3238 dulgentem
327 3154 451 3238 putatis
475 3175 565 3220 arma
586 3159 694 3221 vestra
717 3177 795 3223 auro
815 3162 1015 3245 argentoque
1039 3160 1128 3226 ador·

117 3242 235 3308 nasse?
276 3242 429 3308 Adsuetis
452 3242 534 3310 nihil
557 3244 653 3310 vilius
676 3244 738 3311 hae
760 3246 867 3312 videre
886 3249 1024 3314 materia
1042 3247 1129 3315 volui

119 3330 301 3417 ostendere,
323 3329 517 3399 Maoedonas
535 3333 674 3400 invictos
694 3335 810 3417 ueteris
833 3357 874 3402 ne
897 3357 977 3401 aure
1000 3337 1128 3421 quidem

61 3433 98 3480 17
117 3421 211 3487 vinei.
258 3382 376 3487 Odulos
400 3441 477 3506 erge
504 3423 645 3506 primum
669 3442 779 3488 eorum
806 3423 936 3489 sordida
963 3425 1076 3491 omnia
1095 3428 1131 3528 ιι

93 3509 247 3578 humilia
267 3510 515 3600 expectantium
537 3510 664 3596 sapiam
681 3513 715 3575 et
735 3510 872 3594 doeebo,
889 3534 950 3577 nos
972 3533 1040 3579 non
1060 3512 1130 3581 auri

89 3604 154 3666 aut
181 3605 320 3692 argenti
350 3603 508 3694 cupidos,
540 3599 598 3668 sed
622 3599 738 3666 orbem
762 3602 929 3662 terrarum
953 3600 1162 3664 enhaema.
