2356 3846
251 169 510 226 HISTORIARUM
527 168 744 226 ALEXANDRI
761 168 837 240 VIII,
856 175 881 224 9.
1011 167 1075 233 209

62 317 240 401 vulgavere
262 315 298 380 in
320 317 446 380 exteras
468 319 596 401 gentes:
624 313 742 399 quippe
769 314 982 380 aestimantur
1003 335 1077 397 pur-

62 407 219 492 gamenta
251 403 470 468 exaestuantis
500 401 577 468 freti
606 404 727 486 pretio,
759 403 845 487 quod
872 400 973 468 libido
1006 423 1078 467 con·

62 492 185 558 stituit.
234 490 371 578 lngenia
398 491 579 574 hominnm,
611 489 696 556 sicut
726 490 858 575 ubique,
891 490 976 576 apud
1002 490 1077 556 illos
1096 500 1132 550 2ο

64 582 213 647 locorum
241 600 368 664 quoque
397 580 480 645 situs
506 579 636 645 format
685 577 828 663 Corpora
854 601 955 665 usque
981 578 1078 662 pedes
1096 589 1131 638 21

64 668 203 735 carbaso
231 667 357 750 velant,
388 668 485 733 soleis
513 667 625 751 pedes,
655 667 761 751 capita
788 667 898 733 linteis
925 667 1079 750 vinciunt,

64 755 173 840 lapilli
195 777 234 820 ex
255 755 388 821 auribus
406 756 558 840 pendent,
579 754 714 821 brachia
737 776 863 841 quoquo
886 759 919 820 et
940 756 1079 821 lacertos

66 865 148 911 auro
171 844 296 928 colunt,
323 843 440 928 quibus
464 844 550 908 inter
571 844 745 928 populares
769 847 825 909 aut
846 843 1000 910 nobilitas
1024 846 1081 908 aut

66 953 160 1104 tlt,
175 934 336 1086 ffitt
369 929 536 1104 222221111ᾒ
526 935 692 1086 atti
715 953 983 1104 {tltaltl
1009 936 1080 1084 tl.
1098 944 1132 993 ²²

14 1116 57 1181 32
67 1113 177 1175 cutem
199 1108 240 1174 ad
262 1107 403 1192 speciem
425 1108 569 1174 levitatis
593 1112 781 1193 exaequant
821 1106 948 1194 Regum
971 1112 1081 1173 tamen
1099 1120 1133 1170 23

66 1197 209 1280 haria,
240 1218 338 1281 quam
371 1196 435 1281 ipsi
466 1197 741 1282 magnificentiam
774 1197 955 1281 appellant,
986 1218 1083 1280 super

68 1285 214 1352 omnium
247 1285 392 1370 gentium
424 1285 515 1350 vitia.
564 1284 646 1351 Oum
672 1307 729 1350 rex
756 1288 859 1351 semet
884 1285 919 1349 in
949 1283 1081 1368 publico

68 1373 214 1457 conspici
248 1372 391 1458 patitur,
425 1374 571 1439 turibula
608 1379 763 1459 argentea
798 1373 942 1439 ministri
974 1373 1083 1438 ferunt

67 1465 239 1546 totumque
261 1461 334 1546 iter,
355 1483 413 1546 per
432 1461 516 1546 quod
534 1461 613 1526 ferri
632 1462 813 1546 destinauit,
836 1462 989 1527 odoribus
1008 1483 1082 1527 con·

66 1550 170 1635 plent
210 1549 320 1615 Aurea
341 1549 457 1615 lectica
475 1551 663 1634 margaritis
681 1550 1016 1634 circumpendentibus
1034 1571 1082 1615 re·
1101 1562 1136 1612 24

67 1639 183 1722 cubat,
209 1637 363 1703 distincta
390 1641 467 1702 sunt
494 1660 575 1704 auro
597 1642 630 1704 et
655 1660 802 1723 purpura
825 1640 973 1721 carbasa,
1001 1660 1083 1722 quae

67 1726 203 1792 indutus
236 1729 300 1792 est:
335 1726 485 1792 lecticam
517 1730 694 1811 sequuntur
724 1726 843 1792 armati
875 1726 1083 1810 corporisque
1101 1738 1135 1788 25

68 1813 235 1899 custodes,
262 1815 347 1878 inter
369 1835 451 1900 quos
473 1815 576 1880 ramis
598 1836 673 1880 aves
695 1814 851 1899 pendent,
877 1836 957 1899 quae
986 1817 1083 1879 cantu

67 1903 165 1969 aeriis
187 1903 283 1968 rebus
306 1903 493 1986 obstrepere
522 1902 705 1969 docuerunt.
748 1903 852 1988 Itcgia
877 1905 1007 1967 2222222
1032 1922 1083 1967 co·
1102 1913 1137 1964 26

67 1992 201 2056 lumnas
229 1991 341 2057 habet:
368 1993 457 2056 totas
485 2012 539 2055 222
567 1991 643 2057 vitis
672 2012 749 2056 auro
775 1991 900 2056 caelata
925 1990 1084 2075 percurrit

67 2079 258 2163 aviumque,
290 2100 427 2163 quarum
455 2079 527 2144 visu
554 2079 694 2144 maxime
721 2077 878 2164 gaudent,
910 2082 1083 2162 argenteae

68 2167 198 2252 effigies
230 2187 329 2250 opera
362 2167 573 2251 distinguunt.
626 2167 730 2252 Regia
762 2166 953 2233 adeuntibus
984 2170 1084 2251 patet,
1103 2179 1137 2229 22

68 2277 146 2321 cum
170 2254 324 2338 capillum
346 2255 448 2338 pectit
471 2258 568 2339 atque
591 2259 697 2320 ornat:
719 2259 797 2321 tunc
819 2276 974 2339 responsa
996 2256 1085 2339 lega·

68 2343 230 2426 tionibus,
253 2346 329 2407 tunc
346 2343 418 2407 iura
436 2342 647 2427 popularibus
664 2343 779 2408 reddit.
818 2342 967 2427 Demptis
987 2344 1084 2408 soleis

70 2431 228 2498 odoribus
258 2431 440 2496 inlinuntur
470 2430 578 2514 pedes.
626 2431 773 2497 Venatus
802 2432 960 2496 maximus
990 2431 1138 2496 labores

71 2523 125 2586 ost
147 2519 272 2585 inclusa
293 2519 416 2584 vivario
437 2519 589 2585 animalia
606 2519 691 2584 inter
713 2523 791 2585 vota
813 2524 989 2602 cantusque
1007 2518 1086 2603 peli-

71 2629 147 2674 cum
161 2608 268 2692 figerer
300 2606 419 2671 Binum
434 2608 615 2673 cubitorum
630 2608 770 2691 sagittae
790 2611 874 2690 sunt,
894 2629 975 2691 quas
995 2607 1087 2672 emit·

70 2700 151 2764 tunt
177 2695 300 2760 maiore
326 2696 399 2760 nisu
427 2716 521 2779 quam
547 2696 677 2779 effectu,
705 2695 823 2781 quippe
849 2696 965 2779 telum,
996 2696 1086 2761 cuius

71 2786 109 2850 in
136 2783 269 2850 levitate
298 2785 347 2848 vis
371 2784 477 2849 omnis
501 2788 565 2869 est,
591 2782 730 2849 inhabili
757 2783 897 2866 pondere
925 2787 1086 2848 oneratur.

72 2872 232 2938 Breviora
258 2872 377 2937 itinera
405 2892 487 2956 equo
515 2873 657 2939 conficit:
685 2872 815 2956 longior
841 2872 897 2937 ubi
924 2871 1085 2955 expeditio
1104 2883 1138 2933 29

72 2964 139 3045 222,
167 2960 333 3044 elephanti
359 2960 482 3026 vehunt
509 2982 638 3026 currum
665 2964 698 3025 et
725 2964 890 3025 tantarum
917 2960 1087 3026 beluarum

72 3070 211 3134 corpora
241 3053 314 3115 tota
344 3051 522 3134 contegunt
553 3071 642 3114 auro.
696 3049 745 3113 Ac
775 3069 816 3112 ne
848 3048 925 3132 quid
952 3049 1087 3132 perditis

73 3137 220 3205 moribus
244 3137 337 3220 desit,
359 3137 481 3202 lecticis
505 3138 611 3203 aureis
634 3137 774 3221 pelicum
796 3137 913 3222 longus
937 3137 1015 3203 ordo
1039 3159 1087 3202 se-

72 3227 200 3313 quitur:
224 3229 409 3310 separatum
431 3248 451 3290 a
473 3228 606 3312 reginae
625 3224 734 3291 ordine
753 3245 871 3310 agmen
888 3229 938 3291 222
956 3228 1087 3310 aequat·

73 3337 138 3402 que
169 3314 338 3380 luxuriam.
382 3312 543 3380 Feminae
577 3315 689 3399 epulas
721 3318 847 3397 parant.
900 3315 953 3378 Ab
986 3313 1088 3378 isdem
1106 3324 1141 3374 30

74 3406 188 3471 uinum
220 3403 438 3487 ministratur,
469 3403 558 3469 cuius
591 3402 741 3468 omnibus
772 3401 863 3468 Indis
895 3402 1005 3487 largus
1038 3405 1089 3466 est

75 3515 164 3560 nsua.
201 3488 332 3576 'Regem
360 3511 449 3558 merc
478 3513 655 3576 somnoque
683 3491 824 3576 sopitum
847 3491 885 3554 in
905 3488 1099 3554 cubiculum

72 3582 196 3666 pelices
227 3579 384 3668 referunt,
415 3579 528 3670 patric
561 3581 711 3649 carmine
734 3579 896 3653 noctium
916 3571 1128 3712 inquam*

122 3692 215 3734 cnara·
228 3693 309 3738 2222.
899 3732 901 3738 .
939 3672 966 3716 l
