2356 3846
110 148 131 213 8
293 171 299 184 ·
461 151 494 218 Q.
514 151 625 207 CUBTI
641 152 731 207 RUFI

56 314 90 362 ar
110 294 210 359 colori
233 301 332 379 veste,
355 295 412 360 sed
423 295 512 361 ferro
526 300 624 380 atque
636 317 710 362 aere
722 296 935 381 fulgentibus:
958 303 1126 383 agmenet

108 385 195 447 stare
220 387 371 467 paratum
397 387 432 448 et
458 385 562 467 sequi,
593 405 653 449 nec
674 384 772 448 turba
791 406 852 449 nec
874 388 1012 452 sarcinis
1034 409 1124 472 prae·

108 491 214 555 grave,
237 472 399 536 intentum
417 471 459 536 ad
477 472 566 536 ducis
584 493 651 537 non
670 473 800 557 signum
820 473 930 556 modo,
954 475 1012 539 sed
1026 477 1126 541 etiam

108 563 233 623 nutum
274 559 320 624 Et
342 560 458 625 castris
480 557 571 625 locus
599 564 634 624 et
654 561 808 625 exercitui
829 567 1028 627 commeatus
1051 586 1126 648 sup-

55 648 271 730 repetebant
315 647 406 733 Ergo
428 648 615 713 Alexandro
644 649 681 712 in
708 647 776 712 acie
798 649 890 712 miles
911 670 981 714 non
1008 650 1128 716 defuit:

107 733 246 819 Dareus,
277 739 389 801 tantae
415 737 631 801 multitudinis
657 758 729 820 rex,
757 736 833 819 loci,
854 738 890 800 in
912 760 977 821 quo
1000 759 1127 825 pugua-

106 824 172 905 vit,
203 825 364 909 angustiis
394 824 543 890 redactus
574 829 626 889 est
653 824 695 889 ad
722 825 932 909 paucitatem,
964 849 1065 912 quarn
1091 828 1127 892 in

106 911 201 978 hoste
224 916 471 996 contempserat.

533 1069 611 1136 Car.
633 1069 691 1135 IV.

72 1198 86 1245 1
195 1176 325 1240 Interea
346 1175 530 1239 Alexander
551 1176 762 1240 Abistamene
785 1173 1009 1259 Cappadociae
1031 1180 1159 1262 prae-9

105 1264 213 1347 posito
237 1262 384 1328 Ciliciam
410 1267 523 1346 petens
550 1285 625 1328 cum
651 1264 801 1328 omnibus
828 1265 928 1346 copiis
960 1266 998 1329 in
1019 1267 1127 1350 regio·

105 1373 194 1433 nem,
218 1373 300 1434 quae
323 1355 430 1416 castra
452 1348 527 1434 Cyri
550 1351 739 1434 appellatur,
761 1356 959 1434 pervenerat.
996 1351 1128 1420 Stativa

106 1440 173 1503 illic
195 1439 354 1503 habuerat
369 1437 480 1521 Cyrus,
503 1459 576 1502 cum
598 1437 751 1502 adversus
765 1438 920 1504 Croesum
938 1439 974 1503 in
988 1439 1128 1523 Lydiam

71 1550 87 1596 2
107 1526 244 1590 duceret.
276 1527 400 1590 Aberat
422 1547 460 1588 ea
477 1527 566 1610 regio
585 1526 821 1610 quinquaginta
839 1527 945 1591 stadia
962 1528 1004 1592 ab
1024 1529 1128 1613 aditu,

107 1635 170 1698 quo
190 1612 337 1678 Ciliciam
359 1615 531 1678 intramus:
554 1612 650 1697 Pylas
670 1615 794 1677 incolae
813 1613 923 1678 dicunt
942 1617 1126 1683 artissimas

106 1703 230 1783 fauces,
253 1702 463 1785 munimenta,
485 1723 567 1785 qnae
589 1722 688 1765 manu
709 1701 868 1783 ponimus,
890 1705 1035 1768 naturali
1058 1705 1126 1771 situ

71 1813 88 1860 3
106 1790 281 1855 imitantes.
324 1788 430 1873 Igitur
451 1789 619 1870 Arsames,
651 1789 707 1872 qui
729 1786 859 1854 Ciliciae
881 1795 1046 1875 praeerat,
1075 1815 1126 1858 re·

106 1881 238 1961 putans,
270 1878 346 1961 quid
373 1877 466 1940 initio
496 1877 572 1939 belli
599 1875 730 1939 Memno
758 1877 925 1959 suasisset,
958 1881 1125 1961 quondam

107 1965 235 2028 salubre
264 1964 432 2028 consilium
466 1984 537 2027 saro
569 1963 683 2045 exequi
710 1964 839 2027 statuit:
874 1965 945 2048 igni
970 1967 1125 2052 ferroque

107 2051 253 2117 Ciliciam
279 2054 401 2133 vastat,
427 2053 464 2113 ut
485 2049 572 2114 hosti
595 2049 801 2115 solitudinem
822 2050 936 2116 faciat:
966 2055 1126 2140 quidquid

107 2140 179 2204 usui
207 2142 420 2222 potestesse,
453 2137 629 2219 corrumpit
661 2139 769 2202 sterile
797 2160 835 2203 ac
860 2140 983 2204 nudum
1007 2145 1126 2230 solnm,

71 2250 89 2297 4
108 2227 193 2312 quod
215 2227 299 2290 tueri
320 2225 485 2309 nequibat,
506 2225 682 2290 relicturus.
722 2224 784 2290 Sed
805 2227 902 2310 longe
924 2228 1037 2294 utilius
1061 2232 1126 2298 fuit

107 2315 275 2399 angustias
298 2313 417 2394 aditus,
445 2312 500 2395 qui
523 2310 668 2377 Ciliciam
690 2314 807 2396 aperit,
832 2315 939 2380 valido
963 2337 1125 2402 occupare

106 2403 266 2486 praesidio
293 2402 467 2484 iugumque
496 2404 674 2481 opportune
701 2401 810 2465 itineri
835 2403 1008 2468 imminens
1040 2407 1125 2472 obti-

105 2511 195 2572 nere,
226 2489 312 2552 unde
342 2488 465 2551 inultus
493 2487 684 2552 subeuntem
712 2488 839 2555 hostem
869 2495 927 2554 aut
948 2493 1124 2573 prohibere

72 2601 88 2650 5
107 2583 164 2643 aut
181 2576 360 2660 opprimere
378 2575 550 2659 potuisset:
572 2596 658 2639 nunc
673 2577 794 2659 paucis,
811 2577 867 2660 qui
880 2578 1016 2645 callibus
1030 2603 1124 2665 prae·

107 2666 258 2746 siderent,
280 2664 400 2728 relictis
423 2665 509 2726 retro
531 2663 600 2746 ipse
622 2663 789 2747 concessit,
811 2665 985 2747 populator
1006 2672 1125 2754 terrae,

107 2774 205 2836 quam
232 2773 252 2815 a
277 2751 541 2835 populationibus
568 2751 729 2815 vindicare
756 2750 901 2816 debebat
944 2752 1037 2840 Ergo
1068 2761 1126 2845 qni

110 2840 214 2904 relicti
240 2842 346 2923 erant,
376 2837 521 2921 proditos
549 2859 583 2902 ae
609 2839 673 2902 rati
698 2859 739 2903 ne
762 2843 968 2922 conspectum
991 2846 1124 2927 quidem

105 2928 210 2993 hostis
240 2927 397 2990 sustinere
426 2926 609 3006 valuerunt,
640 2947 713 2989 cum
741 2926 793 2989 val
817 2929 985 3009 pauciores
1013 2933 1124 2999 locum

71 3016 252 3088 cobtinere
283 3015 475 3098 potuissent.
522 3011 672 3097 Namque
702 3016 857 3095 perpetuo
888 3016 966 3101 iugo
999 3023 1124 3088 montis
1136 3023 1170 3090 10

106 3103 212 3187 asperi
230 3123 268 3167 ac
286 3100 450 3186 praerupti
465 3098 578 3165 Cilicia
595 3100 780 3165 includitur:
803 3102 888 3185 quod
907 3124 982 3169 cum
999 3128 1021 3171 a
1038 3112 1124 3175 mari

106 3193 268 3275 adsurgat,
291 3190 380 3254 velut
402 3189 475 3252 sinu
493 3187 633 3271 quodam
646 3187 792 3272 flexuque
806 3195 985 3275 curvatum,
1007 3216 1122 3264 rursus

71 3301 86 3350 τ
106 3281 208 3344 altero
231 3299 330 3343 cornu
353 3277 387 3340 in
410 3276 570 3340 diversum
591 3275 670 3339 litus
693 3276 840 3341 excurrit.
878 3276 940 3343 Per
962 3281 1026 3346 hoc
1049 3284 1124 3350 dor·

106 3389 190 3450 sum,
222 3387 285 3450 qua
316 3365 455 3429 maxime
484 3363 643 3427 introrsus
674 3363 758 3426 mari
788 3363 884 3446 cedit,
916 3370 1024 3450 asperi
1052 3375 1123 3440 tres

99 3455 210 3518 aditus
233 3457 268 3518 et
283 3449 479 3536 perangusti
497 3453 580 3532 sunt,
603 3471 740 3534 quorum
758 3471 822 3514 uno
837 3448 950 3518 Cilicia
967 3455 1124 3528 intranda

39 3553 63 3596 8
80 3542 140 3598 est
182 3538 392 3622 Campestris
412 3538 537 3624 eadem,
561 3560 628 3626 qua
641 3537 749 3621 vergit
769 3536 813 3600 ad
831 3559 934 3621 mare,
949 3544 1124 3623 planitiem
