2356 3846
270 177 522 233 fflsuouuuou
541 175 757 233 muranum
776 177 822 247 VI,
841 183 866 233 0.
1010 179 1074 246 139

57 322 233 407 poruictia,
251 321 394 387 admovi:
416 319 571 406 Mediam,
589 343 654 406 qua
671 321 762 387 nulla
780 322 965 407 opulentior
982 325 1074 411 regio

59 415 126 494 eet,
149 415 183 476 et
205 413 257 475 tot
279 410 398 476 ciuium
418 410 641 494 sociorumque
659 410 753 474 milia
775 410 911 494 imperio
935 412 1004 477 eiua
1027 412 1076 477 di·

59 497 210 582 cionique
229 498 360 564 subieci.
395 496 488 563 Unde
502 497 700 583 praesidium
715 499 882 582 petieram,
895 500 1086 584 periculum

60 587 182 653 extitit.
219 586 322 662 Quam
340 585 480 652 feliciter
494 586 528 651 in
543 586 612 650 acie
626 585 827 670 occidionem,
845 589 955 670 potina
969 589 1074 655 hostia
1094 609 1128 658 aa

59 675 195 759 praeda,
222 697 319 759 quam
341 675 422 740 civia
444 674 589 740 victima!
635 672 729 740 Nunc
757 679 904 742 servatus
928 698 967 741 ex
992 678 1075 762 peri-

60 764 158 847 culis,
181 785 263 848 quae
283 763 352 828 sola
369 762 477 846 timui,
496 763 531 828 in
548 763 630 827 hacc
646 762 756 846 incidi,
779 784 860 847 quae
878 766 993 829 timere
1010 787 1075 831 non

61 852 170 917 debui
220 849 341 917 Soletis
369 850 544 916 identidem
577 872 596 915 a
622 872 687 935 me,
718 851 853 936 militae,
884 856 1007 937 petere,
1038 858 1076 919 ut
1093 873 1129 923 at

60 941 161 1006 saluti
193 961 284 1005 meae
315 960 456 1024 parcam.
509 938 579 1024 Ipsi
613 938 693 1003 mihi
724 944 892 1023 praestare
927 943 1076 1026 potestis,

60 1027 150 1113 quod
164 1028 315 1109 suadetis,
333 1032 370 1093 ut
387 1027 515 1093 faciam.
552 1027 603 1092 Ad
622 1031 747 1092 vestrae
767 1049 892 1112 manua,
910 1029 951 1093 ad
968 1035 1076 1094 vestra

61 1137 155 1182 arma
178 1113 343 1201 confugio:
377 1116 488 1180 invitia
511 1117 604 1182 vobis
628 1116 737 1180 aalvus
761 1137 831 1181 eoae
853 1117 943 1182 nolo:
967 1118 1075 1183 volen-

11 1205 152 1290 35tibua
173 1225 240 1270 non
261 1224 408 1288 posaum,
430 1203 495 1269 niai
516 1203 682 1269 vindicor'.
725 1202 809 1269 Tum
828 1204 982 1270 Philotan
1005 1208 1077 1271 reli·
1094 1224 1129 1274 25

62 1294 150 1378 gatis
177 1296 254 1377 post
278 1296 405 1378 tergum
427 1292 577 1357 manibus
600 1292 746 1358 obsoleto
771 1292 909 1358 amiculo
932 1293 1077 1359 velatum

62 1381 160 1446 iuaait
177 1380 296 1445 induci.
332 1379 441 1445 Facile
460 1380 651 1464 adparebat,
674 1384 780 1446 motoa
800 1402 871 1446 ease
891 1385 960 1446 tam
983 1382 1077 1447 miae·

61 1468 161 1535 rabili
187 1469 302 1535 habitu
328 1469 492 1551 consina
519 1469 641 1535 invidia
670 1469 769 1553 paulo
798 1473 874 1534 ante
902 1471 1077 1554 conspecti.

62 1557 188 1623 Ducem
211 1556 374 1642 equitatus
396 1556 500 1640 pridie
518 1557 678 1639 viderant,
704 1557 850 1622 sciebant
871 1558 956 1642 regia
979 1561 1076 1623 inter·
1095 1576 1130 1626 no

61 1646 164 1711 fuiaae
195 1645 359 1712 convivio:
392 1649 524 1728 repente
555 1665 594 1710 ne
622 1665 713 1709 reum
744 1644 885 1728 quidem,
920 1646 976 1710 aed
1011 1647 1077 1712 iam

62 1735 265 1817 damnatum,
279 1734 379 1798 immo
393 1734 537 1798 vinctum
550 1733 767 1798 intuebantur.
799 1729 937 1798 Subibat
951 1735 1076 1799 animos
1095 1751 1130 1803 2⁷

62 1822 286 1889 Parmenionis
311 1842 450 1905 quoque,
471 1822 555 1887 tenti
579 1822 682 1903 ducis,
703 1824 771 1884 tam
795 1821 988 1900 claricinis,
1015 1821 1078 1886 for-

61 1915 157 1995 tuna,
187 1910 242 1994 qui
270 1909 366 1975 modo
394 1909 519 1976 duobus
545 1909 634 1992 filiis,
668 1907 808 1974 Hectore
842 1930 879 1973 ac
906 1907 1079 1993 Nicanore,

61 2000 200 2066 orbatus
236 2019 309 2063 cunr
333 2017 384 2081 ao,
420 2018 516 2082 quem
550 1998 712 2082 reliquum
744 1995 911 2061 calamitas
949 1996 1079 2080 lecerat,

61 2089 181 2154 absona
204 2086 325 2152 diceret
347 2107 486 2150 canaam.
526 2084 641 2169 Itaque
659 2085 834 2168 Amntas,
857 2085 966 2169 regius
988 2106 1077 2169 prae·
1096 2102 1131 2154 28

61 2183 132 2259 tor,
164 2174 375 2240 inclinantem
403 2173 444 2238 ad
470 2172 725 2239 misericordiam
752 2171 937 2238 contionem
967 2194 1079 2240 rursus

61 2284 180 2349 aspera
206 2262 242 2327 in
269 2262 424 2327 Philotan
451 2262 597 2326 oratione
625 2260 815 2327 commovit:
846 2261 993 2346 proditos
1023 2284 1079 2327 coa

60 2374 136 2418 eoae
158 2350 322 2434 barbaria,
343 2349 505 2415 neminem
525 2350 565 2414 ad
584 2349 754 2432 coniugem
773 2369 865 2414 auem
882 2351 918 2414 in
938 2349 1079 2433 patriam

63 2444 99 2507 et
118 2439 159 2505 ad
181 2443 333 2524 parentes
351 2437 451 2503 fuisse
468 2437 658 2502 rediturum:
682 2435 773 2502 velut
794 2440 943 2502 truncum
961 2458 1079 2521 corpus

62 2528 201 2611 dempto
225 2527 330 2611 capite
358 2527 426 2591 sine
454 2526 584 2609 spiritu,
612 2526 682 2591 aine
709 2525 841 2590 nomine
864 2525 971 2591 aliena
992 2529 1080 2591 terra

62 2615 240 2682 ludibrium
257 2615 363 2681 hostia
381 2614 517 2679 futuros.
548 2613 808 2698 Haudquaquam
826 2633 959 2696 prospe
977 2614 1079 2696 ipsius
1097 2625 1132 2677 aa

63 2704 229 2789 Amyntac
247 2703 352 2769 oratio
376 2707 472 2786 grata
489 2702 560 2787 regi
582 2700 657 2785 fuit,
680 2701 766 2785 quod
784 2701 971 2787 coniugum,
994 2701 1080 2785 quod

62 2793 193 2878 patriae
211 2791 394 2857 admonitos
412 2791 572 2875 pigriores
586 2789 628 2854 ad
641 2794 749 2855 cetera
767 2788 878 2855 munia
894 2789 1080 2874 exequenda

9 2880 206 2966 36fcoiaset.
251 2880 335 2944 Tum
363 2877 504 2961 Coenus,
535 2899 730 2962 quamquam
757 2877 908 2944 Philotae
935 2897 1079 2944 sororem
1098 2892 1133 2943 80

64 2969 274 3035 matrimonio
306 2988 414 3033 aecum
445 2967 668 3050 coniunxerat,
699 2970 811 3032 tamen
843 2965 948 3031 aerina
981 2986 1079 3050 quam

63 3057 235 3143 quicquam
262 3057 297 3121 in
323 3055 488 3121 Philotam
515 3057 661 3120 invectus
691 3058 753 3138 eat,
784 3052 980 3138 parricidam
1009 3075 1080 3120 eaae

62 3146 167 3231 regia,
197 3145 337 3229 patriae,
370 3144 528 3209 exercitus
555 3143 742 3209 clamitans:
772 3163 963 3227 saxumque,
992 3142 1079 3226 quod
1096 3155 1131 3207 at

63 3233 151 3300 forte
178 3238 254 3301 ante
281 3233 378 3318 pedes
401 3233 543 3316 iacebat,
572 3232 709 3315 arripuit
731 3231 908 3296 emissurus
935 3231 970 3296 in
996 3251 1080 3314 eum,

63 3325 103 3388 ut
124 3321 271 3409 plerique
292 3321 507 3400 crediderunt,
529 3319 701 3385 tormentis
726 3319 914 3386 subtrahere
937 3318 1080 3403 cupiens.

64 3408 130 3476 Sed
152 3431 209 3475 rex
235 3429 367 3475 manum
390 3409 458 3474 eiua
485 3408 641 3493 inhibuit,
670 3407 824 3474 dicendae
850 3408 941 3492 prius
963 3427 1080 3472 musae

60 3499 181 3565 debere
193 3497 264 3563 lieri
282 3501 479 3583 potestatem
498 3517 552 3563 reo
567 3518 625 3562 nec
643 3497 739 3564 aliter
755 3495 894 3562 iudicari
907 3515 1086 3576 qaaaurum

59 3607 99 3652 aa
121 3585 305 3652 adfirmans.
350 3583 435 3654 Tum
462 3585 574 3656 dicere
599 3583 913 3660 iuaauaPhihotaa,
932 3579 1010 3639 axau
1030 3591 1110 3632 aaa·
1125 3583 1167 3624 aa
