2356 3846
223 156 477 214 HISTORIARUM
493 157 709 213 ALEXANDRI
726 156 765 227 V,
785 163 827 213 12.
849 164 889 214 18.
1011 159 1072 223 109

54 302 184 368 Dareus
206 302 294 367 haud
320 302 447 386 procul,
474 301 646 366 destitutus
674 303 783 367 asaia
806 306 864 367 aut
886 323 1073 386 oppressus:

55 393 93 457 i'n
119 391 177 456 illo
201 410 333 474 corpore
355 390 463 474 posita
485 392 535 454 est
557 393 671 455 nostra
692 391 829 455 victoria
851 394 885 455 et
905 394 1000 455 tanta
1021 413 1073 456 res

56 478 240 544 celeritatis·
256 480 305 542 est
326 476 530 562 praemium?
575 477 695 542 Omnes
716 478 837 562 pariter
860 478 1073 564 conclamant,
1092 498 1108 548 o

56 570 190 650 paratos
217 566 306 650 ipsos
330 565 436 649 sequi:
464 586 524 629 nec
546 565 650 630 labori
672 587 732 631 nec
753 566 896 650 periculo
918 570 1073 650 parceret.

10 696 12 701 -
56 654 164 739 Igitur
185 654 304 737 raptim
328 674 445 738 agmen
466 674 576 717 cursus
595 654 699 739 magis
718 675 815 738 quam
832 654 958 719 itineris
977 655 1072 720 modo

57 742 147 807 ducit
169 762 211 807 nc
233 744 391 806 nocturna
413 741 542 825 quidem
564 742 670 824 quiete
694 742 843 807 diurnum
863 743 1007 807 laborem
1024 765 1073 807 re·

24 825 26 829 ’
56 830 197 894 laxante.
232 828 347 911 Itaque
369 848 394 892 ιι
412 828 517 893 stadia
539 830 705 914 processit,
726 831 980 914 perventumque
1004 834 1108 901 erate

56 918 91 982 in
113 918 231 1000 vicum,
252 917 287 980 in
310 938 374 1002 quo
392 914 535 982 Dareum
557 916 677 982 Bessus
700 918 984 1001 conprehenderat.
962 919 1108 986 thir

56 1003 183 1089 Melon,
209 1003 308 1069 Darei
329 1005 502 1089 interpres,
529 1005 698 1089 excipitur:
731 1026 864 1090 corpore
888 1027 984 1091 aeger
1004 1028 1073 1072 non

55 1095 210 1177 potuerat
232 1113 349 1177 agmen
367 1092 500 1177 adsequi
518 1096 552 1157 et
570 1092 787 1177 deprehensus
806 1094 968 1159 celeritate
986 1095 1072 1179 regis

56 1180 264 1264 transfugam
287 1201 321 1245 se
343 1200 413 1244 esse
436 1180 618 1245 simulabat
654 1179 705 1246 Ex
724 1181 788 1245 hoo
806 1186 879 1245 acta
897 1183 1073 1266 cognoscit.

57 1265 121 1333 sed
154 1267 300 1352 fatigatis
330 1268 511 1333 necessaria
542 1269 632 1353 quiea
664 1272 742 1333 erat.
795 1269 908 1353 Itaque
940 1269 1108 1338 delectisa

57 1355 205 1440 equitum
230 1373 266 1420 VI
293 1356 424 1421 milibus
448 1372 524 1438 coo,
553 1377 634 1441 quos
663 1356 828 1421 dimachas
856 1357 1073 1441 appellabant,

57 1443 219 1528 adiungit:
252 1443 347 1509 dorso
369 1443 404 1508 hi
431 1444 581 1528 graviora
603 1465 693 1508 arma
714 1444 905 1528 portabant,
932 1448 1073 1509 ceterum

57 1529 150 1614 equis
178 1530 391 1596 vehebantur:
428 1552 501 1596 cum
527 1552 579 1596 res
606 1533 759 1616 locusque
786 1535 948 1615 posceret,
980 1533 1073 1616 pede-

58 1618 134 1682 stris
158 1618 242 1682 acies
264 1621 342 1683 crat.
431 1664 444 1676 .

10 1707 47 1774 36
146 1703 238 1770 Haeo
260 1709 411 1791 agentem
432 1705 653 1770 Alexandrum
675 1706 796 1771 adeunt
816 1705 939 1771 Orsilos
962 1710 996 1770 et
1013 1706 1107 1775 Mic

57 1793 242 1858 thracones:
271 1793 365 1858 Bessi
385 1794 592 1877 parricidium
614 1795 703 1859 exosi
724 1793 969 1878 transfugerant
990 1816 1073 1859 nun·

57 1882 249 1966 tiabantque
273 1882 378 1946 stadia
400 1899 424 1945 n
453 1881 565 1946 abesse
587 1880 718 1966 Persas,
748 1882 838 1965 ipsos
861 1882 988 1946 brevius
1011 1883 1074 1946 iter

57 1972 319 2052 monstraturos„
340 1968 458 2034 Gratus
478 1970 548 2054 regi
566 1969 723 2034 adventus
740 1969 985 2055 transfugarum
1003 1969 1073 2034 fuit.
1094 1990 1126 2040 lo

56 2057 173 2141 Itaque
207 2057 313 2142 prima
347 2077 484 2140 vespera
518 2057 653 2121 ducibus
687 2057 790 2122 isdem
821 2078 894 2122 oum
926 2058 1075 2141 expedita

57 2146 204 2231 equitum
230 2165 329 2209 manu
356 2148 570 2209 monstratam
592 2145 678 2208 viam
700 2145 880 2230 ingreditur
902 2145 1073 2229 phalange,

59 2236 217 2316 quantum
238 2232 393 2297 festinare
415 2236 538 2316 posset,
563 2233 655 2316 sequi
676 2233 774 2298 iussa
818 2233 893 2317 Ipse
916 2233 1073 2316 quadrato

58 2321 188 2404 agmine
218 2319 368 2384 incedens
400 2321 447 2384 ita
477 2342 607 2386 cursum
630 2321 783 2405 regebat,
811 2324 849 2385 ut
875 2321 971 2404 primi
999 2341 1073 2386 con·

56 2407 152 2492 iungi
179 2408 301 2471 ultimis
327 2411 469 2491 possent.
514 2425 576 2472 ooo
604 2408 709 2472 stadia
735 2411 981 2492 processerant,·
1001 2429 1073 2472 cum
1093 2426 1124 2476 11

58 2494 200 2561 occurrit
224 2493 459 2578 Brochubelus,
489 2493 613 2559 Mazaei
641 2495 739 2577 filius,
772 2493 884 2578 Syriae
911 2494 1074 2578 quondam

56 2586 199 2666 praetor.
234 2581 267 2646 Ia
287 2603 413 2666 quoque
431 2582 602 2666 transfuga
619 2583 805 2647 nuntiabat:
825 2581 972 2646 ‘Bessum
986 2582 1073 2646 haud

58 2671 198 2754 amplius
231 2691 328 2754 quam
359 2688 401 2735 oo
428 2670 533 2734 stadia
562 2671 681 2735 abesse.
730 2668 929 2752 Exercitum,
960 2673 1073 2753 utpote

56 2760 112 2841 qai
145 2758 227 2822 aad
262 2761 480 2842 praecaveret,
515 2758 757 2841 inconpositum
792 2757 1073 2841 inordinatumque

56 2845 241 2932 procedere.
285 2845 486 2929 Hyrcaniam
513 2845 614 2910 videri
637 2846 804 2929 petituros.
850 2843 884 2910 si
905 2845 1075 2910 festinaret

58 2934 151 3019 sequi
169 2934 328 3017 palantes,
351 2937 626 3017 superventurum.
662 2932 805 2998 Dareum
823 2932 927 2997 adhuc
945 2933 1073 2998 vivere?

58 3020 199 3087 Strenuo
236 3020 380 3105 alioquin
416 3021 625 3104 cupiditatem
657 3021 875 3105 consequendi
904 3021 1074 3106 transfuga
1093 3041 1125 3090 12

56 3111 223 3175 iniecerat.
251 3109 366 3192 Itaque
389 3109 566 3173 calcaribus
589 3109 725 3174 subditis
749 3110 849 3173 effuso
873 3130 968 3174 cursu
987 3114 1074 3173 eunt.

56 3196 193 3281 Iamque
218 3196 366 3262 fremitus
392 3197 535 3262 hostium
562 3198 623 3261 iter
650 3196 899 3282 ingredientium
926 3197 1073 3261 exaudie-

57 3286 164 3368 batur,
187 3284 244 3350 sed
265 3288 417 3369 prospect
417 3307 472 3349 um
495 3284 658 3349 ademerat
679 3285 819 3367 pulveris
841 3285 953 3349 nubes.
989 3283 1072 3349 Pau·
1092 3304 1125 3353 13

56 3374 158 3457 lisper
185 3392 262 3458 ergo
290 3372 433 3437 inhibuit
459 3394 601 3455 cursum,
633 3373 734 3438 donec
756 3372 936 3438 consideret
958 3373 1073 3455 pulvis.

56 3460 193 3546 Iamque
211 3462 376 3545 conspecti
394 3482 414 3524 a
431 3461 576 3525 barbaris
595 3463 688 3524 erant
705 3463 738 3524 et
754 3460 941 3525 abeuntium
957 3479 1074 3542 agmen

56 3553 301 3634 conspexerant,
323 3570 531 3637 nequaquam
547 3548 654 3615 futuri
668 3570 779 3634 panes,
794 3547 944 3612 sibama
952 3548 1096 3603 ‘xantum
