2356 3846
120 159 183 224 198
255 109 258 114 ι
492 157 524 224 Q.
543 157 654 214 OURTI
670 156 757 214 RUFI

116 307 236 389 itaque,
253 302 370 370 necubi
387 301 576 387 vinceretur,
594 324 667 368 cum
685 303 801 368 ceteris
819 304 1010 387 praestaret,
1032 303 1133 370 sontis

118 396 288 478 argenteas
310 392 450 474 lamnas,
472 391 563 476 equis
586 390 694 457 frenos
717 411 831 456 aureos
850 389 989 477 addidit,
1011 391 1133 458 loricas

118 502 245 566 quoque
264 479 346 545 alias
365 500 458 564 auro,
479 479 560 545 alias
579 483 715 565 argento
734 478 913 545 adornauit.
944 495 1022 553 ⁴,einr
1041 480 1133 545 milia

118 571 317 634 armatorum
331 572 433 652 erant,
447 589 528 652 quae
541 587 653 652 regem
668 567 708 633 ad
722 567 756 632 id
769 567 894 633 bellurn
902 567 1132 652 sequebantur.

82 655 250 740 sIamque
273 656 425 722 omnibus
447 656 663 742 praeparatis,
691 655 775 740 quod
799 655 877 721 olim
899 676 1002 740 prava
1025 661 1133 722 mente

118 750 324 830 conceperat,
350 748 427 810 tunc
454 765 525 810 esse
552 748 716 810 maturum
742 748 844 827 ratis,
871 765 1014 828 quonam
1038 744 1132 810 modo

118 834 274 899 caelestes
288 833 427 899 honores
440 836 621 917 usurparet,
639 832 746 917 coepit
759 833 893 917 agitare.
925 831 1014 898 lovis
1029 832 1133 899 filium

117 943 183 987 non
203 921 267 987 dici
289 925 418 987 tantum
437 943 486 1006 se,
504 922 561 986 sed
579 921 678 987 etiam
697 920 783 986 credi
801 919 948 1004 volebat,
960 924 1132 1006 tamquam

85 1023 103 1072 6
121 1010 254 1094 perinde
278 1010 395 1075 animis
418 1010 577 1093 imperare
599 1013 711 1093 posset
732 1029 772 1074 ao
792 1009 926 1094 linguis:
949 1030 1041 1075 more
1059 1009 1132 1075 Per·

119 1120 229 1164 sarum
256 1097 462 1164 Macedonas
480 1097 726 1165 venerabundos
752 1098 860 1180 ipsum
887 1097 1032 1163 salutare
1060 1119 1132 1199 pro·

119 1189 301 1252 sternentes
328 1187 419 1251 humi
448 1207 592 1269 corpora
631 1183 707 1251 Non
734 1185 846 1250 deerat
874 1185 955 1250 talia
983 1186 1133 1270 concupi·

119 1275 221 1340 sconti
248 1274 429 1359 perniciosa
455 1273 577 1339 adulat‘
551 1277 614 1357 tro,
639 1276 832 1358 perpetuum
858 1273 982 1338 malum
1009 1295 1133 1358 regum,

119 1383 254 1445 quorum
281 1383 357 1445 opes
382 1362 509 1446 saepius
538 1361 722 1428 adsentatio
751 1382 849 1446 quam
875 1361 982 1426 hostis
1008 1363 1133 1428 evertit

71 1458 100 1512 τ
119 1450 187 1515 Neo
201 1449 412 1515 Macedonum
430 1451 511 1516 haec
529 1453 598 1516 erat
616 1451 768 1533 culpa-
782 1469 878 1514 nemo
897 1449 983 1515 enim
1001 1450 1133 1516 illorum

119 1539 290 1622 quicquam
309 1559 348 1605 ex
366 1539 474 1622 patrio
494 1559 582 1604 more
600 1539 710 1604 labare
730 1537 939 1604 sustinuit-
956 1537 1015 1603 sed
1034 1537 1132 1604 Grae-

119 1648 239 1711 corum,
257 1627 313 1711 qui
331 1624 566 1710 professionem
584 1626 795 1692 honestarum
808 1625 929 1692 artium
947 1626 1045 1692 malis
1065 1649 1132 1693 cor·

85 1718 275 1799 eruperant
293 1715 446 1781 moribus.
482 1715 568 1799 Agis
587 1714 719 1798 quidam
737 1713 895 1800 Argivus,
916 1715 1133 1798 pessimorum

117 1805 297 1868 carminum
318 1807 394 1887 post
410 1802 599 1869 Choerilum
621 1802 785 1884 conditor,
809 1805 900 1868 etex
920 1800 1032 1868 Sicilia
1054 1801 1132 1869 Cleo

120 1927 159 1938 -
183 1892 237 1957 hic
260 1892 387 1977 quidem
411 1913 478 1957 non
500 1890 623 1976 ingenii
645 1892 764 1974 solum,
786 1889 843 1956 sed
866 1890 966 1957 etiam
987 1891 1132 1958 nationis

119 1980 197 2044 vitio
216 1980 365 2045 adulator
379 2015 421 2028 -
441 1983 475 2045 et
493 1985 601 2044 cetera
617 1979 747 2044 urbium
766 1999 898 2044 suarum
915 1983 1133 2063 purgamenta

116 2068 307 2152 propinquis
337 2069 438 2134 etiarn
464 2067 742 2150 maximorumque
769 2067 969 2132 exercituum
996 2067 1131 2134 ducibus

118 2178 138 2220 a
164 2175 241 2239 rege
263 2155 539 2240 praeferebantur.
579 2155 624 2220 Hi
642 2159 713 2220 tum
731 2155 856 2220 caelum
874 2154 922 2219 illi
941 2155 1133 2239 aperiebant

117 2242 353 2327 Herculemque
371 2246 406 2308 et
422 2242 552 2309 Patrem
565 2242 719 2308 Liberum
735 2245 768 2308 et
785 2263 859 2308 cum
871 2241 1006 2309 Polluce
1020 2241 1132 2310 Casto

83 2344 100 2393 9
119 2353 186 2395 rem
204 2352 290 2396 novo
309 2331 434 2396 numini
453 2351 600 2432 cessuros
619 2353 689 2396 esse
706 2330 883 2397 iactabant.
859 2329 1025 2415 tIgitur
1046 2332 1130 2399 festo
1141 2326 1170 2394 18

117 2420 170 2484 die
193 2418 282 2486 omni
305 2419 473 2503 opulentia
490 2418 672 2484 convivium
692 2419 844 2485 exornari
866 2417 972 2503 iubet,
943 2421 1049 2486 toni
1066 2441 1131 2486 non

117 2506 309 2573 Macedones
332 2507 430 2573 modo
453 2509 487 2572 et
508 2505 639 2591 Graeci,
668 2505 831 2591 principes
855 2506 1048 2593 amicorum,
1076 2508 1130 2574 sed

118 2597 218 2662 etiam
237 2596 364 2662 barbari
385 2595 512 2662 nobiles
537 2595 774 2662 adhiberentur.
811 2591 894 2660 Cum
917 2595 1035 2680 quibus
1059 2611 1129 2663 eum

118 2685 332 2751 discubuisset
317 2689 420 2768 trex,
441 2683 607 2768 paulisper
625 2685 772 2769 epulatus
791 2683 939 2749 convivio
959 2684 1129 2769 egreditur

117 2770 208 2854 Olea,
231 2773 315 2838 sicut
336 2776 566 2856 praeparatum
588 2777 672 2856 erat,
695 2793 876 2838 sermonem
894 2791 968 2837 oum
991 2770 1128 2840 admira·

67 2871 100 2920 ιο
118 2861 206 2925 tione
229 2861 407 2926 laudum
379 2880 448 2925 e1us
471 2860 622 2926 instituit
598 2859 778 2926 tMerita
796 2857 910 2926 deinde
931 2862 1128 2943 percensuit·

119 2947 236 3030 quibus
259 2970 323 3014 uno
347 2948 444 3014 modo
467 2947 581 3014 referri
603 2948 744 3034 gratiam
767 2968 877 3034 posse,
900 2947 943 3032 si,
965 2970 1064 3034 quem
1085 2951 1128 3016 in·

117 3033 313 3121 tellegerent
334 3037 430 3102 deum
452 3057 537 3120 esse,
564 3037 663 3102 confit
648 3040 808 3120 t,erentrr
838 3036 954 3121 exigua
975 3036 1096 3104 lunis
1084 3059 1127 3104 ru·

66 3136 99 3185 11
117 3144 219 3206 pensa
245 3127 339 3190 tanta
366 3123 523 3191 beneficia
548 3125 723 3209 pausaturi
768 3125 884 3191 Persas
912 3124 1044 3210 quidem
1066 3145 1128 3192 nor

118 3211 172 3296 pie
194 3211 314 3295 solum,
338 3212 518 3279 sedebam
535 3212 728 3316 prudenter
736 3230 828 3298 reges
850 3233 927 3281 sues
949 3213 1036 3280 inter
1054 3213 1128 3281 deos

119 3300 236 3365 οοιιιι.
264 3300 468 3368 maiestatem
492 3301 579 3368 enim
600 3301 730 3387 imperii
752 3301 867 3368 salutis
891 3322 962 3368 esse
984 3302 1128 3369 tutelam

118 3387 169 3455 Ns
186 3385 359 3455 Herculem
375 3390 509 3492 qnidem
526 3395 561 3456 et
578 3389 709 3457 Patrem
723 3388 879 3459 Liberum
897 3390 988 3476 prius
1006 3390 1128 3459 ιιιιιιιι

110 3477 203 3562 deca
227 3498 326 3562 quam
351 3477 506 3547 vicissent
527 3499 635 3546 secum
658 3477 837 3546 viventium
858 3477 1031 3546 inuidiam:
1061 3484 1128 3547 ιιι

95 3565 234 3635 tundam
270 3591 405 3661 quoque
436 3573 595 3659 posteros
624 3567 770 3652 eredere,
796 3570 960 3651 quantum
981 3586 1130 3648 prauam
