2356 3846
147 829 229 894 Post
254 830 439 914 passionem
467 829 590 894 domini
618 830 724 894 nostri
745 828 825 895 Jesu
849 829 971 901 Christi
994 831 1113 897 eins-1
1145 864 1153 877 ·

56 941 120 1004 que
141 918 318 1004 gloriosam
336 919 606 983 resurrectionem
620 941 640 983 a
654 919 791 984 mortuis
806 923 839 984 et
853 921 1074 986 ascensionem

56 1009 94 1072 in
121 1008 247 1072 eaelum
275 1007 472 1073 sanctissimi
494 1008 649 1092 apostoli,
677 1029 839 1093 quosquos
861 1008 949 1073 idem
973 1010 1074 1074 domi-

55 1119 119 1174 nus
147 1099 259 1160 noster
285 1095 381 1162 Jesus
409 1094 560 1161 Christus
589 1118 649 1180 pro
672 1098 872 1162 incremento
895 1098 970 1162 fidei
992 1098 1075 1162 chri·

30 1186 185 1251 ssi-‚ianae
204 1186 239 1249 in
256 1185 319 1250 hoc
337 1184 456 1249 mundo
471 1186 656 1270 reliquerat,
675 1191 808 1270 accepta
823 1187 957 1270 spiritus
972 1188 1076 1252 sancti

58 1275 167 1360 gratia
186 1273 322 1339 eandem
339 1274 437 1338 fidem
456 1275 589 1358 eiusque
610 1296 735 1339 sacram
753 1276 988 1358 professionem
1007 1276 1075 1341 suis

57 1385 117 1448 per
140 1363 328 1428 universum
352 1363 463 1428 orbem
482 1364 710 1446 plantaverant
729 1364 882 1430 doctrinis
905 1369 938 1431 et
956 1366 1076 1450 glorio-

58 1453 105 1518 sis
129 1452 348 1537 irrigaverunt
370 1453 496 1517 meritis
521 1454 553 1517 et
577 1452 744 1536 exemplis.
781 1452 905 1529 Quibus
929 1454 1075 1518 invidens

57 1541 117 1606 ille
146 1541 299 1626 antiquus
327 1541 432 1606 hostis
463 1542 624 1606 bonorum
654 1541 799 1606 omnium
829 1543 980 1607 inimicus
1012 1542 1077 1606 dia-

18 1648 43 1688 10
57 1631 156 1696 bolus
183 1650 277 1714 reges
306 1632 339 1694 11
365 1630 529 1714 principes
561 1652 597 1695 ac
625 1631 793 1695 universos
826 1630 923 1695 huius
956 1632 1076 1695 saeculi

56 1718 226 1804 praesides
250 1720 403 1784 adversus
425 1719 556 1783 eosdem
579 1717 703 1784 Christi
721 1720 888 1803 apostolos
908 1719 1077 1784 suscitavit

56 1811 93 1874 et
112 1807 154 1872 ad
171 1829 284 1872 eorum
307 1809 566 1891 persecutionem
591 1807 727 1872 diversis
747 1829 824 1872 suae
847 1807 997 1872 fallaciae
1017 1809 1077 1873 viis

57 1901 93 1962 et
117 1897 222 1962 modis
249 1896 401 1962 incitavit
424 1919 461 1961 ac
488 1896 620 1961 tandem
648 1897 806 1980 quosdam
829 1919 868 1960 ex
897 1897 944 1961 eis
973 1898 1077 1962 crucis

57 1985 209 2071 patibulo
246 1985 338 2072 affigi
370 1986 527 2070 quosdam
559 2006 635 2050 vero
675 1985 783 2068 gladio
820 1985 966 2069 aliosque
1003 1986 1076 2050 aliis

10 2094 41 2135 15
59 2075 263 2140 diversorum
289 2079 529 2140 tormentorum
552 2073 720 2157 suppliciis
749 2073 900 2138 interemi
926 2096 1079 2159 procura-

57 2165 118 2230 vit.
155 2164 246 2228 lnter
269 2185 349 2247 quos
374 2164 511 2249 gloriosi
534 2163 617 2228 caeli
636 2167 668 2227 et
687 2165 793 2227 terrae
817 2163 979 2247 principes
1003 2164 1079 2228 bea·

58 2253 182 2319 tissimi
210 2252 362 2318 videlicet
383 2251 500 2317 Petrus
528 2255 561 2316 11
584 2251 706 2316 Paulus
738 2252 880 2335 apostoli
904 2251 1079 2317 orthodoxi

61 2347 95 2408 et
119 2341 300 2406 catholicae
323 2341 399 2406 fidei
421 2341 609 2406 fundatores
632 2341 748 2405 urbem
767 2338 906 2405 Romam
925 2363 984 2406 suo
1007 2362 1079 2424 pre·

60 2433 148 2496 tioso
169 2431 327 2514 sanguine
351 2433 384 2493 et
403 2430 560 2513 martyrio
583 2450 643 2512 pro
663 2428 805 2493 eiusdem
829 2428 951 2494 domini
974 2429 1080 2494 nostri

13 2540 46 2581 so
60 2518 143 2585 Jesu
167 2517 291 2585 Christi
318 2519 382 2583 fide
410 2522 442 2584 et
465 2516 667 2582 confessione
693 2520 922 2582 consecrarunt
945 2539 982 2582 ac
1006 2540 1079 2583 ean·

61 2609 136 2674 dem
154 2631 222 2672 non
242 2609 347 2673 solum
371 2607 573 2692 imperialem
592 2606 706 2670 urbem
726 2606 781 2670 sed
801 2609 833 2670 et
852 2607 956 2671 totius
981 2609 1080 2671 ecole-

61 2699 131 2764 siae
155 2720 193 2762 ac
215 2697 359 2762 eiusdem
381 2697 455 2761 fidei
475 2695 670 2761 christianae
689 2699 786 2778 caput
805 2717 841 2760 ao
860 2695 1079 2760 universalem

61 2788 172 2852 sedem
201 2786 272 2850 fieri
303 2808 339 2850 ac
367 2786 402 2850 in
435 2789 601 2851 aeternum
629 2806 760 2849 manere
792 2787 825 2848 et
854 2806 924 2850 esse
955 2784 1080 2850 dedica-

60 2879 188 2941 verunt

60 3001 278 3012 —....-.-—

136 3075 150 3122 1
176 3067 319 3138 Cupitum,
342 3085 411 3136 quus
433 3068 465 3121 iu
487 3066 625 3120 codicibus
644 3082 761 3135 prorsus
778 3082 835 3120 uou
860 3066 1079 3134 discoquantur,

59 3156 189 3196 uumerus
218 3141 277 3209 ipse
299 3140 405 3194 addidi.
520 3144 534 3192 ‘l
558 3136 738 3206 plantaverat
764 3138 854 3204 codd,
882 3135 1082 3206 plantaverant

60 3212 171 3280 scripsi.
243 3218 259 3266 8
273 3208 433 3279 irrigaverit
447 3209 534 3276 codd,
553 3207 741 3278 irrigaverunt
757 3208 864 3276 scripsi.
939 3214 970 3262 17
986 3207 1081 3261 ortho-

62 3299 132 3355 doxi
159 3300 202 3366 D,
227 3298 357 3354 ortodoxi
380 3298 416 3353 F.
522 3303 554 3352 19
581 3297 717 3366 sanguine
744 3298 841 3351 deleuit
863 3296 906 3363 D,
931 3283 1028 3365 augme
1044 3295 1081 3350 F.

62 3378 98 3428 22
124 3371 228 3441 capud,
251 3387 308 3426 uou
326 3373 412 3440 caput
436 3375 468 3425 ut
489 3370 539 3424 hoc
562 3369 618 3425 loro
636 3371 676 3424 sic
696 3369 790 3425 ortuis
808 3369 839 3423 iu
858 3369 996 3423 codicibus
1015 3368 1082 3422 scri-

61 3445 155 3508 bitur;
173 3445 247 3498 locus
264 3444 296 3497 iu
314 3442 344 3496 D
361 3443 463 3498 deletus
481 3447 529 3498 est.

109 3541 198 3582 11111111
211 3542 314 3583 auctoris
329 3543 359 3585 de
375 3543 535 3587 Constantino
549 3554 646 3597 magno.
929 3529 954 3573 1·
