2356 3846
121 153 164 218 62
496 152 528 220 Q.
548 152 658 210 OURTI
675 153 762 209 RUFI

121 302 250 383 gentem
284 299 453 382 pecuniam
484 299 628 383 potuisse
658 298 762 383 redigi
789 319 827 363 ex
853 299 919 382 his,
955 299 1010 384 qui
1039 300 1137 365 multi

68 387 220 455 11111111
248 387 390 453 virorum
420 386 551 452 fortium
582 390 774 470 occuparent
802 409 925 452 manus.
975 385 1022 452 Et
1047 409 1137 453 nune

119 495 314 560 magnopere
344 496 485 559 censere,
516 479 553 540 ut
584 496 682 538 unam
710 497 807 538 anum
835 479 868 540 et
895 475 973 540 1111
1000 477 1137 560 puellas,

118 563 270 627 itinerum
301 565 528 649 agminumque
559 562 790 647 inpedimenta,
825 580 896 627 xxx
923 563 1054 629 milibus
1085 567 1134 628 ta-

68 668 100 718 11
119 651 243 716 lentum
262 652 331 716 auri
349 655 517 736 permutet.
553 650 704 734 Opimum
719 672 855 736 regnum
869 672 1024 734 occupare
1037 673 1134 735 posse

41 783 43 786 -
124 739 322 824 condicione,
358 761 425 805 non
459 740 559 824 bello,
595 760 654 804 nee
685 760 877 824 quemquam
914 740 1013 805 alium
1049 740 1137 804 inter

119 825 238 891 Istrum
268 831 302 892 11
322 827 522 910 Euphraten.
540 827 723 911 possedisse
749 831 851 892 terras
878 827 1003 912 ingenti
1026 828 1133 912 spatio

119 915 351 1000 intervalloque
385 917 546 980 discretas.
604 915 825 981 Macedoniam
862 937 988 1000 quoque
1024 917 1135 998 potius

67 1021 101 1071 14
119 1004 304 1088 respiceret,
334 1026 430 1088 quam
453 1003 569 1068 Bactra
594 1007 627 1067 et
648 1002 745 1068 Indos
768 1004 954 1069 intueretur.
998 1001 1137 1088 Ingrata

119 1092 221 1157 oratio
249 1092 318 1177 regi
345 1092 415 1157 fuit.
459 1091 585 1176 Itaque,
616 1095 652 1155 ut
678 1092 775 1156 finem
804 1091 927 1158 dicendi
950 1091 1040 1175 fecit,
1073 1090 1135 1157 ‘Et

119 1178 205 1263 ego',
241 1180 359 1264 inquit,
394 1179 403 1208 ³
410 1181 580 1263 pecuniam
621 1200 718 1263 quam
755 1179 890 1264 gloriam
927 1180 1069 1264 mallem,
1105 1181 1134 1244 si

118 1265 289 1332 Parmenio
317 1289 434 1332 essem:
470 1289 556 1332 nunc
584 1266 765 1331 Alexander
797 1268 836 1332 de
866 1271 1056 1351 paupertate
1084 1289 1133 1332 se·

119 1375 213 1419 curus
241 1377 311 1421 sum
338 1360 371 1420 et
397 1377 448 1422 me
474 1376 542 1420 non
568 1358 777 1420 mercatorem
804 1355 936 1419 memini
959 1377 1044 1440 esse,
1077 1356 1134 1420 sed

67 1460 99 1509 15
118 1462 235 1526 regem.
284 1441 375 1508 Nihil
411 1443 538 1528 quidem
573 1443 676 1508 habeo
713 1445 840 1528 venale,
876 1443 932 1508 sed
967 1442 1134 1509 fortunam

119 1551 223 1593 meam
246 1531 355 1615 utique
378 1553 444 1596 non
467 1533 583 1596 vendo:
607 1532 750 1615 captivos
773 1533 801 1596 si
823 1532 928 1615 placet
950 1531 1054 1615 reddi,
1075 1531 1133 1599 ho·

118 1618 241 1683 1111111
260 1618 344 1684 dono
364 1619 520 1704 dabimus,
543 1641 639 1704 quam
658 1619 761 1702 pretio
775 1618 994 1684 remittemus?
1024 1618 1134 1685 Intro·

66 1724 99 1774 11
118 1705 222 1771 ductis
246 1707 359 1772 deinde
377 1708 493 1792 legatis
512 1707 656 1772 adhunc
674 1706 804 1771 modum
822 1707 1005 1792 respondite
1029 1706 1132 1772 ‘Nun-

118 1794 196 1859 tiate
218 1794 323 1860 Dareo
347 1817 411 1880 me,
435 1817 515 1880 quae
538 1795 668 1859 fecerim
691 1795 864 1861 clementer
894 1799 927 1859 et
948 1795 1133 1881 liberaliter,

67 1901 98 1950 11
118 1903 185 1946 non
204 1884 363 1948 amicitiae
383 1884 450 1948 eius
472 1883 632 1966 tribuisse,
655 1883 716 1948 111
724 1887 859 1947 naturae
874 1904 972 1948 meae.
1003 1882 1133 1949 Bellum

118 1992 191 2035 eum
213 1972 349 2055 captivis
372 1974 405 2034 et
426 1970 554 2035 feminis
577 1991 686 2055 gerere
708 1993 775 2036 non
799 1971 902 2037 soleo:
926 1974 1069 2037 armatus
1089 1972 1133 2037 111

66 2077 99 2127 11
119 2061 254 2142 oportet,
277 2081 371 2142 quem
395 2059 524 2124 oderim.
559 2058 680 2135 Quodsi
704 2060 817 2123 saltem
839 2079 951 2142 pacem
965 2059 1052 2124 bona
1070 2059 1132 2125 fide

117 2149 249 2230 peteret,
272 2147 480 2211 deliberarem
497 2147 645 2231 forsitan,
668 2168 710 2211 an
729 2146 845 2212 darem.
890 2146 1012 2211 Verum
1032 2147 1132 2213 enim·

118 2254 206 2316 vero,
238 2255 310 2298 oum
337 2235 432 2299 modo
455 2235 572 2300 milites
595 2255 683 2300 meos
706 2234 822 2321 litteris
845 2234 885 2299 ad
907 2235 1131 2320 proditionem,

118 2322 213 2386 modo
246 2323 365 2387 amicos
396 2322 436 2387 ad
464 2322 637 2406 perniciem
669 2344 773 2387 meam
803 2322 940 2406 pecunia
971 2323 1131 2408 sollicitet,

118 2411 158 2475 ad
180 2410 430 2475 internecionem
453 2411 532 2474 mihi
553 2410 790 2495 persequendus
809 2414 867 2495 est,
889 2432 955 2477 non
973 2415 1010 2476 ut
1027 2413 1130 2477 iustus

66 2519 98 2568 11
117 2498 235 2582 hostis,
267 2498 322 2563 sed
348 2501 386 2563 ut
412 2520 581 2582 percussor
607 2499 775 2578 veneficus.
820 2496 1032 2565 Condiciones
1055 2521 1131 2566 1111

117 2588 215 2670 pecie,
238 2609 317 2671 quas
341 2586 482 2671 adfertis,
505 2587 533 2651 si
554 2607 714 2670 accepero,
735 2587 889 2651 victorem
908 2608 980 2651 eum
999 2587 1130 2652 faciunt

118 2674 205 2750 Quae
241 2679 317 2759 post
350 2674 540 2759 Euphraten
577 2679 661 2759 sunt,
693 2675 866 2740 liberaliter
903 2674 1011 2743 donat
1066 2675 1131 2742 Ubi

117 2764 217 2846 igitur
239 2785 290 2828 me
314 2764 445 2847 adeatis,
473 2765 564 2829 obliti
587 2764 677 2828 estis:
699 2785 815 2847 nempe
837 2764 922 2828 ultra
938 2762 1131 2847 Euphraten

118 2852 226 2931 [euml
263 2849 429 2916 Summum
448 2872 525 2935 ergo
544 2851 638 2934 dotis,
656 2873 753 2934 qnam
770 2852 939 2935 promittit,
956 2853 1130 2918 terminum

65 2941 224 3007 11111111
255 2960 326 3003 mea
357 2942 533 3004 transeunt.
577 2938 663 3003 Hinc
694 2960 745 3002 me
777 2938 937 3024 depellite,
966 2943 1004 3003 ut
1031 2941 1130 3006 seiam

117 3029 259 3091 vestrum
282 3048 361 3111 esse,
384 3048 447 3111 quo
470 3026 591 3092 ceditis.
625 3025 749 3092 Eadem
767 3026 958 3093 liberalitate
977 3027 1130 3093 1111111111

116 3113 216 3178 filiam
247 3136 351 3178 suam:
387 3136 502 3199 nempe
529 3136 626 3198 quam
654 3114 719 3179 scio
747 3114 841 3179 alicui
868 3137 1033 3181 servorum
1061 3117 1130 3182 eius

117 3206 299 3285 nupturam.
348 3201 485 3267 Multum
516 3223 591 3267 1111
622 3202 701 3266 mihi
732 3207 887 3287 praestat,
924 3204 951 3268 si
982 3225 1034 3268 me
1061 3203 1129 3269 Μ1-

65 3311 193 3359 alcaeo
227 3311 378 3376 generum
408 3291 592 3375 praeponit!
637 3290 703 3373 Ite,
733 3291 880 3356 nuntiate
911 3292 980 3376 regi
1013 3296 1130 3376 vestro,

118 3383 152 3444 et
182 3401 264 3464 quae
296 3378 404 3443 amisit
435 3383 467 3443 et
499 3400 580 3462 quae
613 3378 716 3442 adhuc
746 3379 857 3460 habet,
888 3381 1033 3463 praemia
1060 3401 1130 3446 esse

110 3468 206 3531 belli:
231 3468 298 3532 boo
318 3470 451 3552 regente
473 3467 638 3552 utriusque
660 3467 815 3532 terminos
836 3468 943 3552 regni,
965 3467 999 3532 id
1021 3490 1129 3553 quem·

92 3569 159 3628 que
183 3555 394 3643 habiturum,
429 3555 518 3644 quod
545 3555 712 3643 proximae
735 3555 820 3620 lucis
840 3555 1047 3639 adsignatum
1065 3557 1129 3621 for·
