2356 3846
124 173 188 237 170
339 171 341 175 ’
495 171 526 238 Q.
546 171 760 228 cussinum

121 341 178 384 rex
197 318 238 383 ad
255 317 407 381 ultimum
430 316 609 400 periculum
632 317 728 380 venit.
768 314 916 399 Namque
939 315 1046 380 cervix
1064 316 1131 381 cius

122 428 200 473 saxo
219 407 267 470 ita
279 406 345 469 icta
359 408 422 488 est,
440 407 478 468 ut
496 404 597 469 oculis
617 404 757 487 caligine
775 403 878 468 offusa
896 403 1132 486 conlaberetur,

120 517 161 560 ne
180 494 297 559 mentis
317 492 446 576 quidem
464 514 609 576 compos:
628 491 787 556 exercitus
806 496 891 556 certe
909 492 1001 556 velut
1019 496 1131 575 erepto

66 602 102 651 23
122 583 184 663 [in]
217 603 253 646 eo
286 581 453 665 ingemuit.
508 578 571 645 Sed
602 580 741 645 invictus
777 579 928 644 adversus
960 601 1017 662 ca,
1049 601 1134 663 quae

122 675 247 735 ceteros
269 672 403 752 terrent,
429 668 571 734 nondum
598 673 769 752 percurato
792 668 924 732 vulnere
947 668 1052 732 acrius
1076 669 1134 732 ob·

121 758 240 823 sidioni
271 757 392 822 institit
422 757 605 821 naturalem
632 756 831 821 celeritatem
863 757 913 820 ira
940 756 1133 822 concitante.

121 843 276 911 cuniculo
304 865 382 929 ergo
410 845 549 909 suffossa
575 844 702 909 moenia
729 845 843 929 ingens
871 843 1032 909 nudavere
1060 867 1134 928 spa·

119 935 215 1017 tium,
237 956 296 1017 per
320 933 407 1017 quod
430 933 565 1017 inrupit,
593 933 759 1016 victorque
781 933 894 996 urbem
918 931 1003 996 dirui
1026 932 1133 997 iussit.

65 1042 102 1091 24
207 1021 293 1087 Hinc
310 1021 535 1087 Menedemum
558 1042 631 1086 cum
653 1020 757 1088 tribus
777 1020 908 1084 milibus
932 1020 1080 1103 peditum
1099 1021 1178 1085 arr.

119 1126 209 1175 neoc
224 1110 386 1194 equitibus
403 1109 444 1174 ad
461 1110 573 1174 urbem
587 1108 784 1173 Maracanda
797 1108 895 1172 misit.
928 1106 1133 1191 Spitamenes

118 1198 289 1283 transfuga
323 1197 485 1280 pracsidio
518 1197 729 1262 Macedonum
761 1196 835 1260 inde
867 1195 992 1261 deiecto
1027 1198 1133 1262 muris

119 1287 209 1350 urbis
233 1288 302 1350 eius
324 1287 501 1349 incluserat
524 1306 558 1349 se
581 1285 668 1349 haud
689 1284 859 1369 oppidanis
883 1284 1055 1349 consilium
1080 1285 1134 1350 de·

117 1374 269 1438 fectionis
288 1373 552 1456 adprobantibus.
589 1371 686 1456 Sequi
703 1376 812 1437 tamen
829 1371 1031 1454 videbantur,
1055 1374 1135 1457 quia

64 1480 99 1531 25
118 1461 291 1546 prohibere
309 1483 375 1526 non
392 1463 551 1544 poterant.
586 1460 722 1524 Interim
740 1460 922 1525 Alexander
940 1459 981 1525 ad
994 1460 1134 1526 Tanaim

119 1571 247 1615 amnem
279 1549 364 1614 redit
395 1552 440 1633 et,
475 1551 632 1633 quantum
668 1547 729 1612 soli
761 1538 973 1631 occupaverat
1005 1552 1134 1635 castris,

119 1660 212 1702 muro
240 1636 458 1703 circumdedit.
501 1653 550 1701 nx
580 1636 758 1701 stadiorum
789 1636 879 1700 urbis
911 1658 1022 1701 murus
1043 1637 1134 1703 tuit:

64 1747 100 1795 aa
120 1726 204 1790 hanc
218 1747 344 1810 quoque
360 1725 473 1789 urbem
487 1724 716 1788 Alexandriam
730 1724 889 1807 appellari
906 1725 1011 1789 iussit.
1040 1724 1133 1809 Opus

118 1818 212 1878 tanta
231 1815 396 1878 celeritate
413 1812 591 1896 perfectum
610 1814 670 1895 est,
688 1815 725 1875 ut
740 1830 815 1876 xvn
833 1812 895 1894 die,
911 1834 1006 1896 quam
1028 1816 1134 1879 muni·

118 1905 229 1966 menta
247 1902 388 1966 excitata
406 1903 508 1983 erant,
526 1904 612 1965 tecta
631 1921 757 1983 quoque
775 1899 865 1964 urbis
880 1900 1133 1967 absolverentur.

118 1989 238 2074 Ingens
262 1989 404 2053 militum
427 1993 588 2052 certamen
609 1988 694 2052 inter
716 1987 806 2070 ipsos
829 1987 949 2071 fuerat,
975 1993 1014 2053 ut
1037 2012 1133 2055 suum

119 2079 254 2161 quisque
277 2097 392 2141 munus
414 2112 453 2122 -
477 2098 553 2140 nam
576 2075 715 2140 divisum
733 2079 804 2140 erat
820 2112 864 2124 —
881 2076 1005 2160 primus
1025 2083 1133 2144 osten·

63 2164 216 2235 arderet.
260 2163 390 2228 Incolae
412 2184 515 2227 novae
542 2163 616 2228 urbi
643 2163 712 2227 dati
734 2163 867 2247 captivi,
894 2185 975 2247 quos
1003 2166 1132 2232 reddito

117 2253 223 2336 pretio
243 2252 382 2316 dominis
405 2251 568 2334 liberavit,
591 2272 727 2336 quorum
750 2252 872 2335 posteri
894 2273 1133 2338 huncquoque

118 2340 203 2424 apud
218 2361 272 2405 eos
287 2344 355 2404 tam
370 2339 469 2422 longa
483 2342 589 2405 aetate
602 2341 737 2422 propter
749 2340 940 2405 memoriam
952 2340 1133 2408 Alexandri

117 2444 191 2494 non¹
206 2429 423 2493 exoleverunt.

538 2574 616 2643 Gan.
638 2575 712 2643 VH.

84 2714 98 2762 1
207 2693 253 2758 At
279 2713 335 2757 rex
358 2689 565 2776 Scytharum,
592 2693 683 2757 cuius
708 2695 779 2757 tum
801 2691 889 2756 ultra
909 2691 1048 2757 Tanaim
1071 2695 1172 2760 ira-2·

118 2783 244 2865 perium
268 2784 348 2862 erat,
375 2784 465 2846 ratus
489 2802 560 2846 eam
586 2781 713 2859 urbem,
742 2801 839 2864 quam
865 2780 902 2844 in
926 2780 1001 2864 ripa
1024 2784 1131 2848 amnis

118 2867 311 2933 Macedones
330 2867 553 2950 condiderant,
571 2869 639 2932 suis
657 2868 834 2950 inpositam
850 2889 921 2933 esse
939 2869 1131 2956 cervicibus,

117 2955 263 3036 fratrem,
282 2953 468 3021 Carthasim
485 2955 625 3039 nomine,
643 2976 716 3019 cum
732 2976 851 3040 magna
867 2955 1013 3040 equitum
1031 2981 1131 3025 manu

118 3043 209 3107 misit
227 3043 268 3106 ad
286 3043 474 3109 diruendam
493 3064 565 3108 eam
587 3042 763 3127 proculque
782 3066 876 3109 amne
894 3044 1131 3112 submovendas

81 3128 332 3199 aMacedonum
369 3132 489 3215 copias.
540 3129 732 3196 Bactrianos
762 3130 882 3197 Tanais
914 3132 955 3197 ab
988 3131 1132 3219 Scythis,

119 3239 201 3303 quos
237 3216 426 3302 Europaeos
467 3221 602 3298 vocant,
637 3217 761 3285 dividit.
818 3220 908 3285 Idem
944 3220 1061 3286 Asiam
1098 3227 1131 3288 et

83 3304 284 3390 aEuropam
315 3305 390 3370 finis
422 3307 587 3373 interfluit
637 3303 789 3372 Ceterum
821 3306 1016 3392 Scytharum
1050 3330 1131 3395 gens

117 3394 206 3461 haud
227 3393 340 3477 procul
363 3393 504 3460 Thracia
526 3395 592 3461 sita
608 3396 651 3460 ab
669 3395 793 3461 oriente
816 3395 856 3461 ad
875 3398 1131 3479 septentrionem

100 3501 142 3545 se
174 3482 277 3548 vertr't
301 3479 608 3570 Sarmatarumqus,
638 3488 676 3549 ut
702 3483 833 3568 quidam
861 3484 1037 3571 credidere,
1065 3509 1132 3553 non

44 3566 251 3661 enniana,
282 3575 347 3643 sed
370 3596 456 3664 pars
483 3579 543 3644 est
591 3574 698 3643 Recta
724 3571 841 3639 deinde
860 3572 995 3654 remoue
1013 3575 1136 3638 saltum
