2356 3846
117 153 161 216 20
490 150 522 217 Q.
542 152 651 207 CURTI
669 151 755 207 RUFI

118 298 320 381 domitaeque
346 317 451 381 nuper
464 295 617 361 Boeotiae
640 300 673 360 et
695 296 783 361 urbis
801 297 836 360 in
853 318 892 360 ea
908 296 1127 364 nobilissimae

118 385 159 449 ad
182 386 286 450 solum
309 384 433 448 dirutae
452 386 573 467 species
592 385 892 467 repraesentabatur
906 385 1032 451 animis.
1058 385 1127 451 Iam

117 471 291 538 Granicum
320 493 459 554 amnem,
490 477 541 537 tot
572 472 667 537 urbes
694 476 751 537 aut
777 476 977 558 expugnatas
1010 475 1127 539 autin

116 562 212 635 fidem
235 565 390 644 acceptas,
414 561 531 645 omnia,
554 581 761 645 quaecunque
783 565 859 643 post
879 564 1009 646 tergum
1027 567 1127 646 erant,

82 653 220 718 astrata
248 649 438 733 etpedibus
461 650 605 732 ipsomm
628 649 772 714 subiecta
793 648 1001 714 memorabat.
1046 647 1128 715 llum

117 738 240 803 adierat
267 735 421 820 Graecos,
454 737 660 819 admonebat,
692 737 733 800 ab
764 736 816 801 his
848 737 997 821 gentibus
1027 738 1127 803 inlata

63 862 68 871 .
117 823 270 891 Graeciae
297 825 382 889 bella
408 823 506 889 Darei
533 824 635 909 prius,
663 825 776 890 deinde
801 823 916 890 Xerxis
943 825 1127 912 insolentia,

117 936 234 998 aquam
271 914 359 998 ipsos
390 917 572 998 terramque
604 914 819 997 poscentium,
854 917 892 978 ut
921 934 1026 997 neque
1057 914 1127 980 fon·

116 1003 198 1066 tium
230 1002 383 1067 haustum
414 1023 473 1066 nec
504 1003 615 1068 solitos
643 1003 732 1066 cibos
758 1002 977 1085 relinquerent
1003 1002 1127 1068 deditis.

82 1089 169 1158 aAb
200 1090 252 1155 his
284 1091 406 1174 templa
434 1090 535 1154 ruinis
563 1093 596 1153 et
621 1090 752 1174 ignibus
781 1111 850 1155 esse
881 1089 999 1174 deleta,
1032 1092 1127 1156 urbes

116 1199 227 1243 eorum
250 1181 459 1262 expugnatas,
481 1177 610 1243 foedera
629 1179 729 1243 divini
746 1178 940 1261 humanique
963 1179 1042 1244 iuris
1062 1180 1128 1244 rio·

65 1285 98 1334 10
116 1267 184 1332 lata
206 1266 373 1331 referebat.
418 1266 544 1349 Illyrios
567 1288 642 1331 vero
666 1270 699 1330 et
721 1265 876 1350 Thracas,
904 1270 998 1350 rapto
1022 1267 1128 1332 vivere

117 1355 281 1432 adsuetos,
314 1354 414 1418 aciem
446 1355 589 1419 hostium
618 1376 696 1420 auro
719 1376 925 1440 purpuraque
947 1355 1128 1441 fulgentem

116 1443 235 1507 intueri
257 1442 401 1524 iubebat,
428 1440 594 1528 praedam,
616 1464 683 1508 non
707 1465 796 1507 arma
818 1445 1014 1528 gestantem:
1043 1444 1128 1510 irent

116 1534 149 1594 et
171 1530 344 1595 inbellibus
366 1530 495 1594 feminis
514 1553 628 1595 aurum
643 1531 704 1595 viri
718 1532 885 1614 eriperent,
908 1553 1023 1616 aspera
1037 1552 1127 1596 mon·

115 1619 198 1683 tium
221 1639 351 1683 suorum
374 1619 451 1703 iuga
473 1619 640 1703 nudasque
659 1619 756 1683 calles
771 1622 803 1682 et
816 1623 971 1702 perpetuo
985 1620 1128 1705 rigentes

116 1708 191 1791 gelu
214 1703 333 1771 ditibus
356 1705 528 1773 Persarum
550 1707 671 1791 campis
695 1707 842 1792 agrisque
866 1711 1038 1772 mutarent.

547 1863 624 1928 Cur.
647 1863 703 1929 XI.

81 1988 96 2037 1
204 1970 276 2035 Iam
303 1970 345 2034 ad
371 1971 428 2034 teli
455 1970 575 2033 iactum
602 1973 828 2053 pervenerant,
860 1991 932 2034 cum
954 1969 1128 2036 Persarum
1137 1969 1170 2036 26

116 2059 238 2143 equites
261 2057 410 2123 ferociter
431 2058 467 2121 in
484 2058 610 2121 laevum
629 2078 729 2122 cornu
745 2058 889 2123 hostium
906 2059 1025 2123 invecti
1039 2063 1129 2124 sunt:

116 2147 234 2231 quippe
248 2144 373 2210 Dareus
393 2145 532 2228 equestri
554 2145 676 2229 proelio
695 2146 864 2211 decernere
883 2145 1027 2229 optabat,
1049 2146 1128 2231 pha·

114 2236 243 2319 langcm
276 2233 475 2298 Macedonici
511 2233 668 2298 exercitus
699 2236 799 2299 robur
829 2255 898 2298 esse
930 2234 1128 2300 coniectans.

115 2321 247 2405 lamque
275 2323 372 2386 etiam
399 2321 545 2386 dextrum
567 2321 742 2386 Alexandri
770 2343 869 2386 comu
891 2321 1128 2388 circumibatur.

81 2429 97 2478 a
117 2409 210 2486 Quod
236 2410 292 2475 ubi
315 2409 448 2474 Macedo
476 2409 655 2493 conspexit,
684 2409 807 2475 duabus
835 2409 895 2474 alis
918 2410 1064 2493 equitum
1087 2410 1128 2476 ad

115 2498 228 2583 iugum
264 2498 384 2562 montis
416 2498 511 2562 iussis
541 2498 727 2581 subsistere,
765 2501 887 2563 ceteros
919 2498 954 2561 in
986 2498 1128 2564 medium

65 2605 96 2654 ,3
115 2587 192 2651 belli
215 2586 385 2651 discrimen
408 2589 535 2650 strenue
557 2586 719 2650 transfert.
756 2583 928 2650 Subductis
951 2583 1067 2651 deinde
1089 2608 1129 2653 sx

116 2676 183 2739 acie
206 2674 370 2738 Thessalis
393 2674 554 2758 equitibus
577 2673 774 2758 praefectum
797 2695 908 2739 eorum
926 2674 1050 2739 occulte
1069 2675 1127 2740 oir-

116 2763 235 2828 cumire
261 2767 389 2848 tergum
413 2784 544 2827 suorum
571 2763 661 2826 iubet
682 2761 952 2846 Parmenionique
974 2762 1128 2849 coniungi

80 2855 161 2933 tet,
194 2850 281 2935 quod
312 2852 340 2914 is
372 2851 575 2935 imperasset,
605 2850 731 2934 inpigre
759 2849 881 2934 exequi.
924 2849 1058 2936 Iamque
1080 2852 1127 2916 in·

115 2938 206 3003 missi
228 2938 263 3002 in
285 2937 425 3002 medium
439 2936 610 3001 Persarum
632 2937 772 3021 undique
795 2935 979 3003 circumfusi
999 2938 1127 3025 egregie

114 3047 213 3109 repom
248 3026 434 3109 tuebantur,
472 3025 527 3090 sed
559 3025 698 3090 conferti
728 3029 762 3090 et
793 3026 886 3110 quasi
918 3026 1127 3092 cohaerentes

115 3116 181 3179 tels
212 3113 339 3179 uibrare
370 3135 439 3178 non
470 3116 634 3197 poterant:
677 3114 774 3179 simul
805 3117 899 3178 erant
929 3115 1062 3198 emissa,
1092 3115 1128 3179 in

115 3201 244 3268 eosdem
283 3202 507 3266 concurrentia
542 3201 778 3284 inplicabantur
812 3202 939 3285 levique
975 3205 1008 3266 et
1043 3224 1127 3269 vano

114 3290 181 3354 ictu
204 3310 307 3373 pauca
329 3290 364 3353 in
385 3289 525 3372 hostem,
554 3291 647 3373 plura
668 3290 704 3353 in
724 3290 858 3355 humum
880 3290 1013 3357 innoxia
1035 3291 1127 3356 cade·

114 3377 204 3442 bant.
249 3376 338 3461 Ergo
367 3378 544 3443 comminus
572 3397 715 3462 pugnam
744 3379 847 3444 coacti
870 3397 1036 3444 conserere
1059 3380 1127 3465 gls-

63 3482 87 3524 ὅ
105 3465 181 3525 drbs
204 3466 338 3546 inpigre
364 3466 540 3552 stringunt.
581 3465 663 3530 Tum
690 3487 766 3532 vero
795 3465 931 3531 multum
958 3467 1127 3552 sanguinis

82 3543 199 3609 &sum
234 3556 306 3614 est:
354 3553 441 3620 dnae
475 3555 599 3641 quippe
632 3555 718 3621 acies
748 3555 797 3621 ita
832 3552 1060 3637 cobaerebsnt,
1091 3558 1129 3619 ut
