2356 3846
266 158 520 215 monoclerum
538 157 754 225 ALEXANDRI
772 156 811 226 V,
830 162 855 211 3.
1023 155 1068 220 89

52 305 101 371 a:
116 304 264 371 Medates
287 305 408 371 sororis
432 303 500 368 eius
523 302 625 367 filiam
644 323 752 367 secum
770 301 978 369 matrimonio
996 302 1066 366 iun·

53 397 156 478 xerat,
177 393 320 459 Dareum
341 392 525 475 propinqua
547 391 741 475 cognatione
764 391 966 475 contingens.
1002 389 1066 454 Diu
1087 411 1122 459 13

55 480 249 566 Sisigambis
281 480 463 564 supplicum
493 478 643 563 precibus
675 479 883 562 repugnavit,
920 478 1067 543 abnuens

54 570 312 654 deprecationem
333 585 398 652 pro
425 567 490 632 illis
520 568 612 648 [non]
641 567 812 631 convenire
839 566 1004 649 fortunae,
1033 566 1068 630 in

55 680 121 743 qua
147 661 245 723 esset:
278 656 439 740 adicitque
466 659 608 720 metuere
632 676 715 737 sese,
745 676 786 719 ne
809 654 940 719 victoris
963 654 1068 719 indul-

55 745 201 831 gentiam
223 745 389 830 fatigaret,
416 743 607 828 saepiusque
629 743 786 828 cogitare,
813 743 975 826 captivam
997 764 1068 807 esse

57 855 105 916 se,
137 855 233 917 quam
260 833 407 918 reginam
433 832 542 896 fuisse.
586 831 639 895 Ad
666 832 815 895 ultimum
842 832 927 895 victa
949 831 1067 895 litteris
1088 850 1125 899 14

55 884 278 987 Alexandrum
308 921 355 987 ita
387 919 557 1004 deprecata
587 923 649 1002 cst,
686 920 764 984 ιιι
755 941 862 1002 1psum
894 922 1069 1019 excusaret,

56 1008 145 1111 quod
181 1010 425 1092 deprecaretur:
463 1012 572 1091 petere
608 1029 656 1090 se,
691 1011 728 1072 ut
713 1007 829 1072 tillia
865 1028 1004 1108 quoque,
1040 1006 1069 1070 si

55 1098 179 1180 minus,
209 1097 271 1163 sibi
298 1098 495 1182 ignosceret:
531 1117 590 1180 pro
617 1097 799 1160 necessario
827 1117 864 1160 ac
886 1095 1068 1178 propinquo

57 1207 126 1268 suo,
147 1185 213 1249 iam
235 1207 302 1250 non
324 1185 432 1269 hoste,
461 1183 519 1249 sed
541 1183 699 1267 supplice,
724 1187 853 1248 tantum
874 1183 975 1247 ritem
997 1203 1068 1266 pre-

57 1273 133 1338 cari.
176 1234 432 1338 Moderationem
460 1272 726 1355 clementiamque
753 1273 853 1356 regis,
881 1292 963 1355 quae
990 1273 1068 1334 tunc
1089 1289 1126 1338 ιι»

56 1362 134 1444 fuit,
164 1362 215 1425 vel
241 1382 306 1425 una
332 1361 411 1425 haec
438 1381 490 1424 res
517 1360 621 1443 possit
644 1360 827 1424 ostendere:
860 1381 927 1423 non
948 1357 1070 1423 Medati

58 1448 155 1514 modo
181 1449 321 1534 ignovit,
354 1447 410 1512 sed
437 1469 549 1511 omnes
577 1451 610 1512 et
636 1448 762 1512 deditos
785 1451 818 1511 et
840 1447 985 1530 captivos
1010 1448 1068 1526 [et]

56 1537 209 1601 libertate
232 1540 329 1621 atque
351 1537 545 1600 inmunitate
567 1535 712 1617 donavit,
736 1536 848 1599 urbem
871 1535 1000 1618 reliquit
1022 1534 1069 1597 in·

57 1628 190 1708 tactam,
212 1645 309 1708 agros
333 1625 402 1689 sine
424 1625 548 1689 tributo
570 1625 674 1688 colere
696 1623 851 1706 permisit.
894 1623 925 1686 A
947 1623 1070 1686 victore

58 1711 167 1778 Dareo
189 1713 283 1796 plura
305 1716 409 1778 mater
430 1734 497 1777 non
518 1713 723 1795 inpetrasset.

10 1803 49 1868 12
148 1799 307 1875 Uxiorum
333 1800 407 1865 dein
434 1803 564 1885 gentem
591 1799 758 1864 subactam
782 1797 993 1862 Susianorum
1021 1818 1069 1861 sa·
1089 1817 1128 1867 re

57 1892 191 1973 trapeae
218 1889 409 1954 contribuit:
436 1888 608 1971 divisisque
635 1909 708 1951 cum
730 1885 944 1950 Parmenione
968 1885 1070 1967 copiis

58 1978 152 2050 illum
175 1977 348 2059 campestri
369 1976 484 2040 itinere
507 1975 676 2059 procedere
698 1975 801 2057 iubet,
831 1974 901 2056 ipse
924 1995 996 2037 oum
1020 1994 1070 2035 ex-

59 2064 170 2148 pedito
194 2064 324 2149 agmine
345 2063 458 2148 iugum
480 2064 640 2128 montium
671 2063 769 2146 cepit,
796 2083 933 2145 quorum
960 2082 1070 2144 perpe·
1139 2072 1144 2081 ·

59 2156 153 2218 tuum
175 2152 306 2218 dorsum
328 2153 364 2216 in
377 2152 540 2216 Persidem
563 2151 711 2215 excurrit.
747 2149 843 2214 Omni
860 2150 921 2213 hac
939 2150 1071 2233 regione
1091 2169 1127 2217 ιι

59 2244 189 2307 vastata
210 2241 307 2304 tertio
328 2240 379 2304 die
397 2238 570 2322 Persidem,
592 2240 705 2322 quinto
724 2238 899 2322 angustias,
922 2259 1002 2321 quas
1024 2236 1074 2300 illi

61 2327 194 2394 Susidas
221 2328 316 2411 pylas
343 2331 474 2410 vocant,
502 2328 613 2390 intrat
656 2325 893 2391 Ariobarzanes
915 2325 977 2389 has
1000 2346 1072 2389 cum

60 2434 132 2481 xxv
158 2415 290 2480 milibus
318 2414 462 2498 peditum
489 2418 713 2497 occupaverat,
746 2435 842 2496 rupes
870 2414 1011 2478 abscisas
1039 2416 1074 2476 et

64 2503 205 2587 undique
228 2506 427 2587 praeruptas,
448 2503 484 2566 in
506 2524 642 2586 quarum
665 2502 885 2566 cacuminibus
907 2505 997 2565 extra
1015 2500 1073 2564 teli

59 2592 183 2656 iactum
205 2591 335 2655 barbari
358 2589 502 2672 stabant,
528 2590 568 2653 de
594 2590 755 2654 industria
777 2589 877 2674 quieti
900 2593 932 2653 et
954 2609 1072 2672 paven-

59 2680 150 2744 tibus
178 2678 313 2761 similes,
345 2678 446 2743 donec
476 2679 512 2742 in
544 2677 721 2742 artissimas
750 2676 859 2741 fauces
888 2679 1074 2759 penetraret

62 2788 189 2852 agmen.
233 2765 325 2842 Quod
346 2766 403 2831 ubi
425 2768 611 2848 contemptu
634 2765 684 2829 sui
706 2785 840 2849 porgere
861 2764 982 2847 rident,
1002 2767 1073 2828 tum
1093 2781 1129 2832 18

61 2877 139 2921 vero
166 2854 307 2939 ingentis
333 2853 565 2937 magnitudinis
593 2875 672 2917 saxa
698 2873 756 2936 per
782 2853 942 2917 montium
969 2874 1073 2935 prona

62 2943 251 3026 deuoluunt,
283 2963 365 3026 quae
393 2942 522 3007 incussa
551 2941 679 3023 saepius
706 2941 946 3005 subiacentibus
972 2940 1073 3023 petris

61 3031 185 3096 maiore
211 3031 244 3094 ιι
265 3030 453 3095 incidebant
474 3050 535 3093 nec
557 3028 721 3130 singulos·
724 3028 835 3111 modo,
864 3028 919 3092 sed
942 3028 1074 3112 agmina

62 3118 283 3202 proterebant
313 3117 435 3183 Fraudis
453 3138 580 3202 quoque
598 3138 724 3182 excuser
715 3116 864 3217 'lapides
883 3120 916 3180 et
933 3116 1073 3201 sagittae
1092 3134 1128 3183 19

63 3207 164 3309 undiq
165 3228 205 3271 ue
235 3206 476 3291 ingerebantur.
524 3203 594 3269 Nec
624 3204 658 3268 id
689 3204 905 3269 miserrimum
933 3203 1073 3268 fortibus

63 3230 245 3378 rurisqerat,
268 3294 325 3360 sed
342 3293 428 3378 quod
444 3294 549 3376 inulti,
571 3293 658 3376 quod
676 3292 818 3357 ferarum
835 3293 900 3356 ritu
919 3291 1048 3356 veluti
1038 3313 1074 3355 m

64 3383 159 3448 fovea
189 3382 379 3466 deprehensi
409 3343 625 3448 caederentur.
678 3379 732 3444 Ira
761 3380 898 3465 igitur
888 3401 924 3443 ιιι
950 3379 1073 3444 rabiem
1091 3400 1128 3449 ao

64 3493 158 3537 versa
180 3471 356 3536 eminentia
377 3492 456 3536 saxa
477 3469 634 3553 conplexi,
656 3473 693 3533 ut
715 3468 756 3533 ad
776 3467 905 3535 hostem
929 3468 1073 3549 perveni-

63 3560 263 3644 tentabas
284 3559 395 3626 adum
408 3559 558 3626 levantes
581 3557 792 3628 conabantur
812 3553 1008 3667 ascendere.
1034 3549 1105 3606 *esa
