2356 3846
269 151 524 209 HISTORIARUM
541 151 755 208 ALEXANDRI
773 152 820 222 VI,
841 160 864 208 1.
888 159 914 208 2.
1037 153 1100 216 117

82 303 203 383 tamen,
226 297 302 382 quia
319 297 459 361 maiores
479 300 579 381 erant,
598 319 693 381 quarn
713 319 793 380 quas
811 297 967 381 praefecti
986 298 1101 363 modus

84 390 225 471 caperet,
242 386 416 452 metuebat.
451 384 576 470 Quippe
590 385 774 450 Alexander
787 385 898 450 hostes
912 385 998 450 vinei
1011 388 1101 452 volu·
1121 397 1154 446 18

84 478 169 559 erat,
196 474 407 558 Antipatrum
435 473 552 539 vicisse
581 494 623 538 ne
651 474 770 537 tacitus
800 475 925 557 quidem
955 474 1101 558 indigna-

83 565 191 648 batur,
214 584 291 628 suae
310 562 475 646 demptum
494 562 618 646 gloriae
638 561 842 644 existimans,
860 561 1014 646 quidquid
1034 584 1101 627 ces-

85 652 184 718 sisset
206 652 344 716 alienae.
398 650 513 734 Itaque
545 649 733 734 Antipater,
770 650 826 733 qui
858 650 959 733 probe
991 653 1102 715 nosset
1122 658 1153 719 ie

85 740 219 892 spiritus
239 739 317 892 pliius,
333 761 400 892 rqqn
419 744 469 805 est
483 760 580 803 ausus
594 740 663 890 ipqe
671 759 773 888 fingere
783 737 923 888 larbitrqa
937 739 1102 890 victqqiae,

85 851 115 980 sA
143 848 741 1000 qlrodmhaucllldaebldldiimldilrilmaliudr,l
759 847 921 996 dubcdreut
931 829 1102 979 cdldtolllds
1120 935 1155 983 20

85 1005 217 1069 mittere
231 1003 272 1068 ad
289 1023 401 1087 regem
415 1004 535 1087 liceret,
553 1003 692 1087 precati:
712 1025 731 1066 a
749 1022 825 1086 rege
846 1005 954 1067 autem
972 1003 1103 1066 veniam

86 1091 276 1157 defectionis
298 1095 429 1174 praeter
451 1096 599 1156 auctores
622 1092 876 1173 inpetraverunt.
915 1089 1102 1174 Megalopo-

85 1181 209 1262 litanis,
231 1201 366 1265 quorum
388 1181 466 1244 urbs
490 1180 625 1244 obsessa
648 1184 719 1242 erat
742 1201 761 1242 a
783 1177 972 1243 defectionis
996 1179 1103 1261 sociis,

86 1267 210 1334 Achaei
227 1272 262 1332 et
279 1266 353 1332 Elei
371 1271 501 1356 centum
519 1290 561 1330 xx
578 1268 705 1331 talenta
724 1266 801 1331 dare
820 1267 900 1331 iussi
920 1269 1005 1330 sunt.
1038 1265 1102 1331 Hic
1121 1275 1155 1327 21

85 1356 149 1421 fuit
163 1356 266 1420 exitus
280 1355 368 1439 belli,
383 1355 468 1440 quod
481 1359 614 1438 repente
629 1359 737 1419 ortum
750 1355 841 1438 prius
855 1360 965 1418 tamen
974 1354 1103 1418 finitum

86 1448 149 1531 est,
177 1463 274 1528 quam
296 1443 441 1508 Dareum
463 1442 646 1508 Alexander
675 1443 758 1525 apud
781 1441 905 1507 Arbela
928 1446 1103 1525 superaret.

524 1599 604 1666 One.
626 1600 668 1666 Π.

57 1713 78 1776 4
177 1707 241 1774 Sed
254 1712 292 1773 ut
304 1707 445 1791 primum
460 1707 659 1772 instantibus
674 1706 759 1771 curis
774 1707 901 1770 laxatus
916 1708 966 1770 est
976 1706 1102 1770 animus
1122 1715 1137 1765 1

87 1796 280 1863 militarium
302 1818 411 1860 rerum
433 1816 531 1878 quam
555 1795 673 1879 quietis
697 1794 818 1878 otiique
841 1794 1027 1876 patientior,
1051 1816 1103 1859 ex·

87 1907 201 1971 cepere
224 1905 298 1949 eum
320 1883 520 1966 voluptates,
543 1888 589 1967 et,
612 1904 709 1967 quem
731 1903 823 1947 arma
840 1881 1014 1946 Persarum
1037 1903 1103 1946 non

86 1975 267 2058 fregerant,
294 1972 376 2037 vitia
397 1971 555 2036 vicerunt:
582 1971 776 2054 tempestiva
803 1969 952 2035 convivia
976 1973 1009 2033 et
1030 1981 1137 2053 per-t

85 2060 222 2147 potandi
258 2059 538 2144 pervigilandique
578 2060 692 2124 insana
729 2057 862 2121 dulcedo
902 2056 1033 2139 ludique
1070 2062 1103 2122 et

88 2168 204 2236 greges
232 2149 381 2233 pelicum.
430 2147 548 2210 Omnia
574 2147 609 2209 in
637 2149 804 2209 externum
836 2146 930 2228 lapsa
965 2167 1102 2210 morem:

87 2235 185 2321 quem
218 2236 400 2300 aemulatus
429 2234 523 2316 quasi
548 2233 710 2316 potiorem
738 2254 795 2297 suo
823 2233 870 2296 ita
895 2233 1102 2316 popularium

88 2325 217 2391 animos
242 2324 415 2405 oculosque
438 2321 561 2405 pariter
584 2321 727 2403 offendit,
750 2324 787 2385 ut
806 2343 826 2385 a
843 2321 1005 2405 plerisque
1025 2322 1104 2386 ami-

86 2433 197 2479 corum
215 2432 275 2494 pro
289 2410 384 2475 hoste
397 2409 582 2474 haberetur.
619 2408 761 2474 Tenaces
777 2410 895 2492 quippe
911 2409 1101 2491 disciplinae
1120 2423 1136 2471 3

87 2522 164 2567 suae
193 2499 371 2583 solitosque
399 2519 498 2581 parco
532 2520 568 2562 ac
595 2498 735 2580 parabili
762 2498 850 2562 victu
880 2497 921 2560 ad
948 2497 1102 2579 inplenda

86 2583 224 2654 naturae
247 2586 407 2651 desideria
430 2585 564 2670 defungi
586 2587 621 2649 in
641 2585 813 2669 peregrina
841 2588 874 2648 et
901 2585 1101 2649 devictarum

87 2677 235 2764 gentium
261 2675 349 2740 mala
371 2674 543 2758 inpulerat.
589 2672 675 2738 Hine
699 2674 826 2755 saepius
851 2675 1043 2755 conparatae
1067 2674 1138 2738 inc

86 2764 278 2849 caputeius
302 2762 453 2846 insidiae,
480 2762 618 2827 secessio
641 2761 784 2825 militum
807 2764 840 2824 et
862 2761 994 2824 liberior
1016 2763 1102 2826 inter

87 2858 220 2918 mutuas
243 2851 405 2936 querellas
428 2850 532 2934 dolor,
555 2850 657 2934 ipsius
680 2849 793 2913 deinde
816 2870 901 2912 nunc
928 2849 990 2933 ira,
1017 2872 1103 2915 nunc

87 2941 303 3026 suspiciones,
331 2961 411 3023 quas
439 2939 603 3003 excitabat
630 2938 832 3002 inconsultus
856 2957 957 3020 pavor
980 2941 1102 3002 cetera-

52 3035 151 3117 5que
168 3029 221 3094 his
240 3028 371 3111 similia,
389 3048 471 3111 quae
489 3027 602 3091 deinde
621 3026 774 3090 dicentur.
806 3024 912 3108 Igitur
931 3047 1003 3089 eum
1021 3030 1101 3091 tem·
1120 3043 1138 3092 c

85 3117 225 3204 pestiuis
241 3115 410 3182 conviviis
438 3115 506 3180 dies
534 3114 658 3198 pariter
689 3116 862 3198 noctesque
890 3119 1102 3197 consumeret,

87 3208 276 3273 satietatem
294 3204 462 3289 epularum
482 3204 566 3267 ludis
586 3201 827 3286 interpellabat:
845 3223 912 3266 non
931 3206 1101 3267 contentus

86 3295 265 3378 artificum,
297 3314 378 3376 quos
411 3314 428 3356 e
461 3290 598 3356 Graecia
630 3290 804 3373 exciverat,
835 3290 945 3355 turba:
982 3291 1101 3375 quippe

87 3383 237 3468 captivae
260 3381 456 3446 iubebantur
474 3402 532 3445 suo
549 3379 616 3444 ritu
635 3399 748 3444 canere
771 3378 971 3444 inconditum
995 3383 1028 3444 et
1047 3378 1101 3442 ab·

86 3473 226 3537 horrens
249 3468 430 3555 peregrinis
454 3467 585 3532 auribus
610 3488 748 3532 carmen.
793 3465 883 3531 Inter
904 3488 983 3549 quas
1002 3483 1136 3531 uname

85 3582 145 3626 rex
163 3559 248 3624 forte
266 3557 435 3642 conspexit
452 3555 667 3624 maestiorem
685 3577 788 3643 quam
802 3557 933 3619 ceteras
949 3556 988 3612 et
997 3550 1124 3628 quocu-
