2356 3846
120 161 187 226 242
494 161 525 227 Q.
545 159 655 216 CURTI
672 159 760 217 RUFI

66 317 101 366 30
119 327 209 371 mum
225 305 349 390 recepit
366 309 400 370 et
417 305 661 370 circumstantes
678 305 788 403 coepit
805 304 1011 390 adgnoscere.
1047 305 1135 372 Toto

120 414 157 458 eo
185 394 236 459 die
264 415 302 459 ac
328 397 435 477 nocte,
462 415 544 478 quae
570 397 681 460 secuta
708 397 771 477 est,
798 396 944 459 armatus
972 395 1134 459 exercitus

119 482 243 567 regiam
266 481 394 548 obsedit
415 481 596 566 confessus,
619 503 730 548 omnes
753 482 848 549 unius
872 482 990 567 spiritu
1013 483 1133 549 vivere.

119 569 188 636 Nec
218 571 309 654 prius
340 574 554 655 recesserunt,
584 592 683 654 quam
715 574 902 654 conpertum
933 575 985 637 est
1016 593 1131 637 somno

118 659 284 743 paulisper
311 659 524 743 adquiescere.
573 657 660 725 Hine
691 660 862 725 certiorem
893 680 986 743 spem
1013 660 1133 725 salutis

119 746 188 812 eius
210 746 245 811 in
268 751 375 813 castra
396 747 600 814 rettuderunt.

543 902 624 972 (lar.
650 903 705 972 VI.

86 1023 100 1071 1
207 1012 277 1078 Rex
303 1030 353 1078 vn
382 1012 493 1078 diebus
520 1017 632 1077 curato
662 1011 794 1077 vulnere
823 1011 961 1077 necdum
989 1011 1131 1078 obducta
1140 1015 1177 1082 23

120 1101 285 1184 cicatrice,
319 1122 391 1167 eum
428 1100 571 1166 audisset
607 1100 810 1165 convaluisse
846 1101 931 1184 apud
972 1101 1131 1167 barbaros

119 1188 240 1254 famam
263 1190 379 1253 mortis
402 1209 493 1271 suae,
520 1187 643 1254 duobus
666 1187 807 1273 navigiis
829 1187 949 1254 iunctis
971 1190 1076 1255 statui
1097 1190 1133 1256 in

119 1277 261 1341 medium
287 1277 428 1360 undique
449 1277 659 1360 conspicuum
685 1277 930 1343 tabernaculum
952 1277 1064 1360 iussit,
1093 1299 1133 1343 ex

120 1387 183 1449 quo
212 1386 247 1430 se
270 1366 455 1430 ostenderet
480 1366 603 1449 perisse
630 1364 849 1430 credentibus:
877 1369 1133 1450 conspectusque

120 1453 161 1518 ab
184 1452 299 1518 incolis
324 1475 415 1537 spem
440 1453 587 1519 hostium
612 1453 697 1518 falso
724 1454 839 1519 nuntio
866 1459 1056 1538 conceptam
1083 1455 1134 1520 in-

85 1540 236 1606 ahibuit.
284 1540 429 1607 Secundo
466 1542 581 1607 deinde
617 1563 713 1606 amne
743 1541 889 1626 defluxit,
926 1543 1134 1626 aliquantum

119 1629 284 1695 intervalli
307 1652 326 1694 a
349 1633 456 1696 cetera
479 1631 583 1696 classe
604 1631 818 1714 praecipiens,
844 1651 885 1695 ne
912 1631 1004 1714 quies
1026 1632 1136 1716 perin-

119 1718 226 1783 valido
250 1717 354 1783 adhuc
375 1719 559 1784 necessaria
580 1719 677 1802 pulsu
698 1739 860 1784 remorum
881 1718 1093 1802 inpediretur.

85 1817 101 1866 ³
210 1806 347 1890 Quarto,
367 1810 540 1892 postquam
557 1807 714 1891 navigare
732 1809 894 1891 coeperat,
912 1807 964 1872 die
981 1810 1138 1891 pervenit

119 1895 154 1958 in
172 1896 338 1978 regionem
357 1894 517 1960 desertam
536 1896 665 1980 quidem
684 1895 724 1960 ab
743 1895 874 1974 incolis,
892 1895 949 1960 sed
966 1896 1136 1963 frumento

120 1986 153 2048 et
170 1984 340 2066 pecoribus
358 1983 584 2050 abundantem.
619 1983 746 2049 Placuit
762 1984 791 2048 is
814 1985 903 2048 locus
924 1984 1014 2050 etad
1038 2007 1136 2051 suam

84 2081 102 2131 4
121 2074 154 2135 et
168 2070 208 2136 ad
222 2072 363 2137 militum
378 2072 530 2156 requiem.
561 2071 635 2137 Mos
649 2077 720 2137 erat
736 2071 936 2157 principibus
952 2073 1137 2140 amicorum

119 2163 152 2224 et
175 2159 362 2224 custodibus
382 2161 525 2244 corporis
545 2161 702 2226 excubare
720 2164 795 2225 ante
817 2161 1032 2245 praetorium,
1055 2184 1136 2247 quc-

119 2247 204 2311 tiens
228 2247 363 2312 adversa
384 2248 455 2332 regi
476 2249 621 2315 valitudo
643 2247 819 2314 incidisset.
863 2247 934 2315 Hoc
956 2253 1029 2315 tum
1054 2273 1136 2336 quo-

119 2356 181 2418 que
214 2356 305 2400 more
337 2341 465 2402 servato
499 2337 644 2403 universi
676 2336 860 2402 cubiculum
891 2337 959 2402 eius
998 2338 1136 2406 intrant.

84 2431 100 2480 e
118 2421 180 2487 Ille
198 2422 367 2507 sollicitus,
384 2446 425 2488 ne
444 2425 522 2508 quid
540 2427 617 2491 novi
635 2424 808 2510 adferrent,
827 2425 902 2509 quia
920 2426 1019 2491 simul
1037 2450 1135 2493 vene-

118 2514 207 2595 rant,
241 2515 465 2596 percontatur,
494 2535 573 2577 num
603 2512 748 2578 hostium
779 2533 895 2597 repens
924 2515 1136 2582 nuntiaretur

84 2598 285 2665 eadventus.
324 2600 371 2665 At
393 2598 560 2684 Craterus,
587 2603 639 2666 oui
662 2601 850 2666 mandatnm
873 2606 956 2687 erat,
988 2606 1027 2668 ut
1054 2602 1177 2671 ami-24

118 2709 229 2752 corum
263 2709 375 2772 preces
407 2688 565 2772 perferret
597 2688 638 2754 ad
670 2711 756 2772 eum,
792 2687 981 2774 ‘Credisne’,
1016 2691 1134 2776 inquit,

57 2799 61 2811 ·
118 2773 274 2840 ‘adventu
308 2776 413 2860 magis
449 2777 594 2842 hostium
630 2813 669 2825 -
698 2780 737 2842 ut
766 2776 833 2842 iarn
868 2779 902 2843 in
936 2779 1025 2845 vallo
1058 2802 1134 2847 con·

119 2863 272 2929 sisterent
304 2900 343 2911 -
377 2865 536 2930 sollicitos
567 2885 623 2931 uos
656 2886 740 2948 csse,
774 2886 872 2949 quam
904 2887 983 2932 cura
1014 2869 1133 2935 salutis

85 2960 100 3010 τ
118 2953 207 3034 tuae,
229 2955 266 3016 ut
283 2973 370 3017 nunc
389 2956 452 3037 est,
469 2952 533 3017 tibi
550 2953 649 3019 vilis?
686 2953 899 3029 Quantalibet
918 2954 967 3020 vis
986 2958 1134 3023 omnium

119 3041 265 3124 gentium
280 3041 443 3124 conspiret
459 3042 495 3105 in
509 3063 585 3125 nos,
601 3042 726 3126 inpleat
745 3042 844 3107 armis
861 3042 1006 3127 virisque
1025 3048 1133 3111 totum

119 3126 242 3210 orbem,
269 3129 426 3195 classibus
453 3130 558 3194 marie
585 3133 782 3210 consternat,
809 3129 995 3198 invisitatas
1018 3133 1134 3200 beluae

82 3226 99 3276 8
117 3215 262 3280 inducat:
284 3220 322 3282 tu
344 3239 405 3283 nos
426 3217 609 3302 praestabis
630 3218 778 3284 invictos.
819 3217 882 3284 Sed
905 3218 978 3305 quis
997 3220 1135 3288 deorum

117 3303 179 3368 hoc
210 3302 419 3371 Macedoniae
456 3307 607 3372 columen
643 3327 681 3373 ac
715 3306 803 3373 sidus
840 3307 1028 3375 diuturnum
1064 3311 1135 3378 fore

109 3392 265 3474 polliceri
289 3397 415 3480 potest,
446 3416 518 3460 cum
548 3398 616 3462 tam
645 3395 738 3461 avide
767 3394 950 3462 manifestis
979 3399 1136 3482 periculis

93 3479 224 3575 'offeras
251 3503 386 3570 corpus,
419 3483 545 3552 oblitus
573 3486 627 3552 tot
652 3483 774 3551 ciuium
798 3484 922 3550 animas
947 3486 1081 3554 trahere
1103 3493 1137 3555 te

44 3568 120 3626 9111
149 3573 297 3639 casum?
341 3574 428 3656 Quis
460 3577 555 3645 enim
582 3576 651 3644 tibi
679 3575 848 3660 superstes
872 3576 933 3637 aut
956 3577 1149 3656 optat-esse
