2356 3846
223 155 477 212 HISTORIARUM
494 155 708 211 ALEXANDRI
726 157 778 226 III,
798 162 840 213 11.
861 164 902 213 1⁴2.
1026 157 1069 223 23

52 301 187 368 licentia
209 304 390 386 vagaretur.
420 300 511 366 nme
534 322 609 366 vero
632 300 811 385 inpotentis
829 301 979 367 fortunae
997 322 1069 386 spc-
1088 322 1121 373 23

54 391 122 456 cies
145 390 287 473 conspici
309 390 428 473 potuit,
456 410 538 454 cum·
551 389 588 472 ii,
618 389 673 473 qui
695 387 800 454 Dareo
824 390 1069 454 tabernaculum

54 480 300 562 exornaverant,
322 477 410 542 omni
422 479 499 542 luxu
513 481 547 541 et
564 477 728 561 opulentia
743 478 944 561 instructum,
958 477 1070 543 eadem

55 566 115 630 illa
127 565 322 649 Alexandro,
344 565 436 649 qnasi
448 564 550 630 veteri
564 565 703 649 domino,
722 567 939 632 reservabant.
970 564 1069 630 Nam·

56 654 180 738 quaid
207 655 312 718 solum
338 653 497 718 intactum
523 653 701 718 omiserant
728 653 847 718 milites
874 655 921 718 ita
950 653 1069 719 tradito

56 763 162 825 more,
193 745 231 805 ut
258 741 411 806 victorem
439 741 516 807 victi
538 742 625 827 regis
646 741 854 806 tabernaculo
877 743 1069 826 exciperent.

37 827 122 896 lSed
154 830 297 893 omnium
327 829 438 894 oculos
469 830 657 914 animosque
688 831 723 893 in
754 832 856 895 semet
887 833 1070 895 averterant
1088 840 1123 889 24

57 917 204 1001 captivae
237 920 340 982 mater
367 917 545 1002 coniuxque
572 915 684 981 Darei:
720 918 777 981 illa
807 938 875 982 non
901 919 1069 982 maiestate

57 1006 173 1088 solum,
187 1005 243 1069 sed
257 1006 355 1070 etiam
373 1008 478 1069 aetate
490 1006 691 1088 venerabilis,
705 1005 786 1070 haec
793 1005 917 1071 formae
930 1005 1071 1089 pulchri·

56 1093 171 1157 tudine
193 1114 234 1156 ne
266 1093 323 1157 illa
355 1093 483 1177 quidem
506 1097 592 1158 sorte
615 1097 793 1178 corruptae.
837 1091 1015 1178 Receperat
1036 1094 1071 1157 in

58 1182 166 1245 sinum
189 1181 289 1244 filium
311 1180 456 1254 nondum
481 1185 606 1246 sextum
629 1202 749 1245 annum
768 1181 883 1246 aetatis
897 1202 1070 1266 egressum,

57 1269 95 1333 in
126 1289 216 1352 spem
249 1272 359 1333 tantae
386 1269 550 1354 fortunae,
578 1273 732 1353 quantam
759 1273 851 1353 pater
877 1270 945 1334 eius
972 1270 1070 1352 paulo

58 1359 134 1420 ante
158 1356 318 1439 amiserat,
341 1357 494 1441 genitum.
537 1356 584 1421 At
604 1358 640 1421 in
663 1358 785 1442 granno
809 1378 889 1421 anus
912 1357 1003 1422 avias
1025 1357 1070 1421 ia·
1089 1365 1123 1416 25

58 1446 177 1509 cebant
207 1444 335 1508 adultae
367 1445 448 1509 duae
479 1445 635 1529 virgines,
664 1466 731 1510 non
760 1466 818 1510 suo
845 1448 987 1529 tantum,
1015 1444 1072 1510 sed

58 1533 157 1596 etiam
179 1531 266 1596 illius
289 1553 434 1596 maerore
457 1533 632 1597 confectae.
667 1532 788 1617 Ingens
818 1533 902 1597 circa
925 1554 996 1596 eam
1014 1553 1071 1597 no·

58 1620 173 1683 bilium
201 1618 396 1684 feminarum
421 1620 518 1685 turba
545 1620 735 1685 constiterat
756 1620 905 1684 laceratis
928 1620 1070 1684 crinibus

59 1707 265 1791 abscissaque
287 1712 386 1791 veste,
409 1708 539 1791 pristini
561 1707 684 1772 decons
706 1707 918 1790 immemores,
941 1709 1071 1792 reginas

59 1796 270 1878 dominasque
284 1795 376 1860 reris
394 1795 567 1880 quondam,
588 1798 666 1860 tunc
685 1795 799 1859 alienis
817 1795 1004 1860 nominibus
1023 1795 1071 1859 in-

61 1886 222 1947 vocantes.
257 1882 338 1948 Illae
360 1904 438 1948 suae
461 1883 656 1948 calamitatis
680 1883 808 1965 oblitae,
829 1883 865 1956 in
881 1885 956 1947 utro
971 1903 1071 1948 cornu
1090 1894 1124 1944 26

58 1969 185 2035 Dareus
202 1971 353 2055 stetisset,
376 1992 457 2055 quae
469 1971 602 2037 fortuna
616 1970 808 2035 discriminis
821 1970 944 2053 fuisset,
967 1971 1072 2053 requi·

58 2059 189 2123 rebant:
211 2058 379 2143 negabant
401 2080 435 2124 se
457 2062 579 2144 captas,
602 2058 629 2123 si
650 2059 773 2122 viveret
794 2080 859 2123 rex.
895 2056 958 2124 Sed
979 2059 1072 2123 illum

58 2167 161 2230 equos
183 2146 319 2211 subinde
340 2150 521 2212 mutantem
542 2146 672 2232 longius
694 2146 774 2231 fuga
797 2146 984 2210 abstulerat.

148 2233 190 2299 In
211 2234 279 2299 acic
300 2238 410 2299 autem
427 2256 522 2301 caesa
539 2239 616 2301 sunt
628 2233 801 2299 Persarum
818 2235 963 2318 peditum
980 2235 1071 2299 cmi-
1090 2244 1124 2294 ru

58 2322 118 2405 lia,
141 2321 250 2388 decem
273 2323 426 2406 equitum.
469 2324 516 2386 At
544 2345 565 2387 a
593 2325 685 2406 parte
707 2321 883 2387 Alexandri
911 2323 952 2386 ad
980 2325 1071 2405 quat·

58 2414 136 2476 tuor
164 2410 255 2475 melta
282 2410 451 2496 quingenti
483 2410 583 2475 saucii
609 2411 712 2492 fuere,
744 2431 783 2474 ex
814 2409 976 2494 peditibus
1009 2426 1071 2475 ooo

59 2498 194 2563 omnino
217 2501 250 2562 et
272 2497 335 2563 duo
359 2498 530 2563 desiderati
553 2502 638 2581 sunt,
661 2497 805 2582 equitum
828 2502 956 2562 centum
980 2499 1071 2581 quin-

59 2586 218 2738 {ffimta
243 2577 412 2652 interfecti.
457 2585 597 2653 Tantulo
624 2585 778 2670 inpendio
799 2585 914 2670 ingens
936 2585 1071 2651 victoria

476 2829 555 2899 Osa
577 2829 650 2897 XIL

37 2941 50 3007 )
149 2937 219 3004 Rex
241 2938 370 3023 quidem
390 2931 531 3003 Dareum
553 2937 773 3022 persequendo
795 2937 961 3021 fatigatus,
984 2939 1106 3020 post-1

60 3047 159 3110 quam
182 3030 216 3091 et
236 3046 303 3094 nox
325 3026 499 3111 adpetebat
520 3029 553 3090 et
575 3025 790 3109 consequendi
813 3046 886 3109 spes
907 3046 975 3090 non
994 3027 1072 3106 erat,

59 3115 96 3179 in
123 3117 230 3179 castra
256 3116 353 3199 paulo
382 3118 456 3179 ante
483 3136 504 3179 a
530 3115 596 3179 suis
619 3117 715 3197 capta
736 3113 891 3198 pervenit.
936 3112 1106 3180 Invitaria

60 3202 176 3267 deinde
213 3202 352 3286 amicos,
397 3202 513 3287 quibus
549 3202 687 3266 maxime
723 3201 927 3284 adsueverat,
970 3200 1073 3282 iussit,

60 3290 180 3376 quippe
216 3312 342 3355 summa
373 3291 542 3355 dumtaxat
573 3290 655 3354 cutis
686 3290 722 3354 in
752 3289 872 3354 femine
896 3288 1072 3373 perstricta

59 3399 126 3442 non
163 3379 358 3462 prohibebat
393 3380 548 3444 interesse
580 3377 739 3442 conano:
780 3398 854 3442 cum
884 3380 1016 3461 repente
1054 3395 1107 3444 es

83 3467 206 3532 roximo
234 3468 443 3534 tabernaculo
469 3466 615 3552 lugubris
642 3466 763 3531 clamor
785 3465 924 3530 barbaro
947 3464 1073 3528 ululatu

56 3488 254 3638 {lanctusque
287 3557 470 3642 permixtus
505 3554 681 3644 epulantes
711 3552 912 3621 conterrent.
960 3548 1102 3608 uam
