2356 3846
241 174 496 233 maroamuum
513 174 729 231 ALEXANDRI
747 175 836 247 VIIII,
853 181 879 232 5.
1002 176 1067 240 241

51 342 190 387 murum-
203 323 246 406 et,
264 317 453 405 qua'moliti
467 322 561 407 erant
579 320 711 405 aditum,
734 320 883 404 inrupere
902 321 937 386 in
954 321 1068 386 urbem
1112 400 1117 407 .

49 410 219 495 Indosque
245 409 355 493 plures
377 408 540 493 fugientes
570 430 665 492 quam
689 410 842 494 congredi
869 431 965 476 ausos
989 410 1068 475 ceci·

50 500 180 564 derunt
214 495 248 563 N
249 519 291 563 on
304 497 436 562 senibus
442 547 450 581 ,
468 519 535 562 non
547 495 693 582 feminis,
713 520 779 563 non
797 497 976 563 infantibus
995 520 1067 583 par·
1086 509 1122 559 20

52 587 156 653 eituxr
184 584 330 670 quisquis
353 589 547 669 occurrerat,
575 585 615 650 ab
643 586 700 650 illo
727 587 931 651 vulneratum
958 608 1068 671 regem

51 696 127 742 esse
167 674 351 739 credebant
415 672 621 758 Tandemque
664 674 713 738 int
698 675 880 740 ternecione
923 676 1067 740 hostium

51 763 195 830 iustae
184 784 254 828 rrae
281 765 486 846 parentatum
511 766 569 827 est.
608 762 845 848 Ptolemaeum,
876 764 931 847 qui
954 768 1068 848 postea
1087 775 1121 824 ιι

53 850 219 939 regnarit,
245 851 321 915 huie
347 871 477 935 pugnae
504 850 645 915 adfuisse
674 863 786 916 auctor
811 856 860 917 est
846 849 951 917 tOlit
948 852 1068 917 archus

54 944 89 1005 et
121 940 324 1025 Timagenes
375 937 478 1004 Sed
468 960 553 1040 rpse,
586 939 708 1004 scilieet
694 940 862 1024 tgloriac
895 962 971 1004 suae
1002 962 1069 1005 non

54 1029 253 1131 refragatus,
276 1026 396 1108 afuisse
419 1048 454 1091 se
476 1026 611 1091 missum
632 1028 668 1091 in
690 1027 926 1112 expeditionem
949 1049 1069 1093 memo·

55 1116 124 1183 riae
158 1115 305 1180 tradidit.
358 1114 464 1180 Tanta
504 1117 755 1199 conponentium
792 1119 921 1181 vetusta
902 1138 1069 1181 ererum

55 1208 269 1271 monumenta
291 1203 344 1269 vel
363 1204 520 1268 securitas
538 1205 589 1267 vel
594 1226 685 1287 ,par
707 1203 783 1269 huic
805 1204 935 1288 vitium,
958 1205 1068 1270 credu-

37 1293 135 1359 llitas
152 1293 231 1358 fuitl
262 1290 381 1376 Rege
371 1312 406 1356 ιιι
423 1254 668 1357 sabernaculum
685 1293 790 1357 relato
809 1292 926 1357 medici
942 1293 1070 1376 lignum
1087 1304 1122 1353 ιι

58 1381 200 1467 sagittae
227 1380 355 1462 corpori
383 1380 553 1444 infixae't
526 1382 586 1464 ιιι,
618 1402 658 1444 ne
686 1382 845 1465 spiculum
878 1385 1071 1466 moveretur,

57 1469 237 1535 abscidunt.
262 1465 406 1552 Corpore
420 1467 533 1532 deinde
546 1468 666 1533 nudato
682 1469 942 1534 animadvertunt
955 1470 1070 1536 hamos
1088 1481 1123 1530 aa

56 1559 163 1624 inesse
183 1556 253 1622 telo
274 1578 334 1622 nec
355 1556 451 1621 aliter
472 1556 554 1620 id
529 1578 597 1622 sure
620 1558 761 1641 pernicie
779 1559 923 1641 corporis
945 1558 1071 1622 extrahi

57 1667 167 1732 posse,
195 1666 294 1729 quam
319 1649 357 1709 ut
384 1644 522 1710 secando
553 1646 669 1710 vulnus
698 1650 862 1731 augerent
912 1644 972 1711 Oet
957 1648 1070 1725 t,erum
1089 1658 1124 1707 24

56 1756 98 1801 ne
120 1737 268 1801 secantes
295 1733 490 1835 profluvium
517 1734 685 1818 sanguinis
708 1737 891 1819 occuparet,
918 1735 1071 1799 vereban-

56 1826 122 1890 tux.
151 1823 270 1908 quippe
292 1823 407 1906 ingens
429 1823 532 1887 telum
555 1822 704 1886 adactum
728 1826 798 1886 erat
823 1826 856 1886 et
882 1826 1071 1905 penetrasse

57 1911 91 1978 in
112 1912 242 1977 viscera
267 1909 447 1975 videbatur.
484 1907 555 1974 eris
540 1910 686 1994 t,0bulus
710 1910 796 1975 inter
823 1910 1042 1976 medicost
991 1915 1042 1975 art
1043 1912 1070 1974 is
1090 1921 1124 1970 25

57 2000 208 2083 eximiae,
233 1998 321 2063 sed
311 2019 346 2063 ιιι
368 2002 441 2064 tant
442 2021 461 2064 o
479 1998 624 2082 periculo
642 1999 790 2083 territus,
811 2019 941 2064 monus
964 1999 1071 2064 admo·

56 2110 132 2155 vere
159 2087 340 2170 metuebat,
366 2107 408 2151 ne
435 2087 471 2161 in
499 2087 602 2170 ipsius
630 2091 728 2170 caput
754 2109 868 2171 parum
896 2109 1071 2171 prosperae

56 2176 236 2243 emtionis
273 2174 430 2240 recideret
462 2179 605 2240 eventus.
658 2174 895 2240 Lacrimantem
930 2197 1002 2240 eum
1035 2196 1073 2240 ae
1091 2186 1125 2235 aa

55 2269 256 2331 metuentem
288 2267 323 2327 et
359 2262 576 2328 sollicitudine
611 2264 844 2348 propemodum
878 2284 1074 2348 exsanguem

55 2375 115 2420 rex
142 2354 364 2436 conspexerat
407 2350 525 2434 ‘uuida
551 2352 671 2435 inquit,
699 2351 836 2435 ‘quodve
862 2356 991 2436 tempus
1020 2373 1074 2416 ex-

53 2445 172 2527 pectas
187 2443 221 2505 et
232 2461 298 2505 non
315 2441 551 2524 quamprimum
569 2439 633 2505 hoc
651 2440 761 2504 dolore
777 2462 828 2504 me
843 2440 959 2504 saltem
977 2441 1072 2504 mori-

54 2536 168 2596 turum
195 2528 339 2592 liberes?
375 2527 429 2592 An
454 2528 565 2611 times,
591 2550 633 2591 ne
661 2549 734 2591 reus
762 2529 821 2612 sis,
849 2549 922 2592 curn
944 2529 1072 2592 insana·

53 2618 124 2685 bile
155 2616 275 2683 vulnus
307 2614 520 2699 acceperim‘l’
568 2615 615 2680 At
641 2614 828 2680 Critobulus
858 2615 991 2679 tandem
1019 2616 1072 2680 vel
1092 2626 1126 2676 ιι

55 2706 153 2773 finito
176 2704 231 2769 vel
252 2703 455 2768 dissimulato
477 2707 567 2768 metu
589 2703 715 2768 hortari
733 2725 806 2767 eum
830 2703 951 2787 eoepit,
977 2707 1015 2767 ut
1038 2725 1072 2767 se

56 2792 291 2861 continendum
310 2791 493 2875 praeberet,
515 2791 592 2856 dum
610 2792 770 2876 spiculum
789 2791 954 2856 evelleret:
973 2793 1072 2856 etiam

55 2882 165 2949 levem
192 2881 337 2964 corporis
365 2883 489 2945 motum
511 2880 644 2944 noxium
671 2880 750 2945 fore.
792 2878 862 2944 Rex
881 2901 952 2944 cum
981 2880 1074 2945 adfir-
1092 2890 1125 2940 28

56 2973 183 3037 masset
213 2968 297 3032 nihil
327 2988 408 3050 opus
443 2988 512 3032 esse
544 2968 598 3051 iis,
635 2969 690 3052 qui
726 2973 828 3032 semet
860 2968 1073 3051 continerent,

57 3061 146 3125 sicut
176 3059 384 3142 praeceptum
418 3059 501 3139 erat,
535 3056 605 3120 sine
636 3058 729 3121 motu
765 3057 917 3139 praebuit
948 3078 1074 3141 corpus.

56 3147 166 3250 Igitur
182 3143 349 3229 patefacto
368 3144 466 3207 latius
485 3143 617 3208 vulnere
633 3149 666 3208 et
685 3145 810 3228 spiculo
829 3144 938 3210 evolso
957 3146 1072 3230 ingens

57 3258 109 3302 urs
137 3233 305 3318 sanguinis
335 3252 467 3296 manare
493 3233 600 3316 coepit
624 3232 792 3317 linquique
819 3233 926 3297 animo
955 3256 1012 3298 rex
1040 3237 1073 3298 et

59 3323 202 3407 ealigine
219 3320 321 3386 oculis
340 3321 443 3384 offusa
459 3320 549 3385 velut
570 3320 779 3386 moribundus
798 3322 935 3387 extendi.
977 3320 1071 3387 Oum·
1091 3332 1126 3382 ιιι

59 3433 123 3497 que
140 3409 336 3496 profluvium
350 3407 591 3473 medicamentis
609 3408 694 3473 fruet
680 3412 731 3473 ιιι
745 3409 937 3494 inhiberent,
951 3411 1074 3475 elamor

59 3499 160 3565 simul
179 3502 277 3582 atque
296 3498 446 3581 ploratus
465 3498 644 3563 amicorum
660 3497 763 3564 oritur
778 3517 898 3582 regem
913 3498 1085 3588 expirasse

54 3586 262 3651 medentium
291 3584 435 3653 Tandem
450 3589 608 3657 constitit
627 3589 769 3676 sanguis
785 3576 1110 3673 paulatimqueaxix·

97 3694 191 3735 onnam
202 3694 285 3739 aaa
924 3687 968 3736 aa
