2356 3846
122 123 189 189 230
496 119 527 186 o.
547 119 763 176 ouarraum

86 268 237 334 edeinde
257 265 405 351 Gangen,
427 265 604 330 maximum
626 266 729 331 totius
752 263 861 330 Indiae
882 265 1067 330 fluminum:
1086 264 1128 329 ul·

123 358 276 422 terionem
302 356 407 438 ripam
436 354 540 419 colere
569 358 682 438 gentes
711 352 916 438 Gangaridas
946 357 980 418 et
1006 352 1129 419 Prasios

124 465 298 528 eorumque
325 463 436 527 regem
459 463 530 506 esse
552 443 789 526 Aggrammen,
816 460 864 507 xx
887 440 1022 507 milibus
1050 441 1129 527 equi·

86 538 195 599 4tum
223 531 432 615 ducentisque
462 531 608 613 peditum
638 530 840 596 obsidentem
868 530 947 595 vias.
997 529 1050 595 Ad
1075 529 1131 595 hoe

124 621 353 707 quadrigarum
371 638 399 684 11
416 620 507 684 milia
524 619 653 684 trahere
672 621 717 703 et,
739 619 948 703 praecipuum
968 621 1129 703 terrorem,

124 709 325 793 elephantos,
348 730 429 793 quos
447 726 488 772 111
510 708 636 772 milium
657 729 828 773 numerum
845 706 976 791 explere
999 706 1129 773 dicebat

92 811 108 859 ι
127 797 333 862 Incredibilia
359 797 430 881 regi
453 797 562 861 omnia
584 796 784 862 videbantur
824 795 931 880 Igitur
953 794 1079 861 Porum
1096 832 1132 843 -

124 909 201 951 nam
224 907 296 950 cum
315 907 353 951 eo
372 889 496 950 erat—
512 887 737 969 percontatur,
760 905 803 949 an
819 906 897 950 uera
910 888 1037 968 essent,
1057 907 1133 970 quae

91 975 316 1040 edicerentur.
360 974 421 1038 Ille
448 973 534 1038 vires
561 973 689 1056 quidem
720 973 829 1057 gentis
862 976 895 1037 et
924 973 1021 1058 regni
1052 972 1133 1041 hand

125 1063 210 1129 falso
242 1063 357 1127 iactari
394 1062 557 1126 adfirmat:
592 1065 746 1146 ceterum,
783 1061 839 1146 qui
870 1065 1039 1148 regnaret,
1075 1084 1134 1128 non

125 1151 221 1216 modo
241 1151 418 1236 ignobilem
437 1171 522 1232 esse,
540 1149 596 1214 sed
615 1149 716 1234 etiam
733 1150 868 1215 ultimae
886 1150 998 1234 sortis,
1020 1152 1133 1236 quippe

124 1245 252 1322 patrem
270 1240 349 1318 eius,
362 1243 526 1303 tonsorem
541 1239 595 1302 vix
609 1238 723 1303 diurno
739 1243 874 1323 quaestu
892 1241 1135 1322 propulsantem
1174 1272 1176 1281 ·

125 1328 259 1411 famem,
282 1331 415 1412 propter
437 1327 587 1392 habitum
609 1326 695 1392 haud
716 1327 902 1392 indecorum
925 1328 1017 1393 cordi
1040 1327 1134 1394 fuisse

94 1427 110 1476 7
129 1417 268 1500 reginae.
309 1416 361 1480 Ab
380 1437 419 1480 ea
436 1417 471 1479 in
493 1416 678 1500 propiorem
697 1417 776 1500 eius,
794 1417 938 1501 quitum
958 1420 1134 1501 regnasset,

125 1504 287 1568 amicitiae
305 1505 412 1569 locum
427 1504 591 1568 admotum
604 1503 775 1570 interfecto
789 1525 827 1570 eo
845 1525 903 1589 per
920 1503 1060 1585 insidias
1079 1506 1133 1571 sub

126 1593 231 1676 speeie
258 1593 380 1658 tutelae
408 1592 594 1657 liberum'
567 1614 634 1657 eius
662 1594 819 1658 invasisse
841 1613 979 1678 regnum
1000 1594 1134 1660 necatis·

125 1678 1144 1856 ttrttttttttnttgtttttttffidtffi

91 1870 203 1922 8suae
235 1880 419 1923 memorem.
464 1857 636 1922 Adfirmat
612 1861 659 1923 tro
681 1857 757 1924 Pori
785 1859 1002 1946 multiplicem
1030 1861 1134 1926 animo

126 1947 211 2032 regis
239 1947 394 2012 iniecerat
420 1967 543 2012 curam.
580 1945 720 2010 Hostem
746 1948 923 2031 beluasque
952 1949 1132 2034 spernebat,

92 2036 227 2099 9s1tum
250 2036 395 2100 locorum
418 2038 452 2099 et
473 2035 540 2100 vim
568 2034 737 2099 fluminum
763 2037 1003 2103 extimescebat
1048 2037 1135 2102 Rele

127 2128 222 2209 gatos
249 2125 284 2189 in
311 2124 463 2189 ultimum
489 2144 591 2208 paene
614 2144 721 2188 rerum
743 2123 958 2191 humanarum
989 2124 1136 2227 persequi

125 2213 300 2276 terminum
324 2217 357 2277 et
377 2233 487 2276 eruere
510 2211 646 2277 arduum
664 2211 845 2279 videbatur:
868 2236 980 2279 rursus
1001 2213 1136 2281 avaritie

124 2300 302 2385 gloriaet
270 2323 286 2364 e
320 2300 407 2365 insat
392 2299 516 2365 tiabilis
536 2300 653 2384 cupido
671 2300 779 2365 famae
797 2302 909 2366 nihil
899 2303 1039 2388 muium,
1058 2301 1136 2369 nihil

66 2401 108 2452 10
126 2394 286 2453 remotum
313 2389 415 2453 videri
446 2389 580 2454 sinebat
620 2387 703 2453 Et
693 2389 855 2455 rnterdum
882 2390 1074 2477 dubitabat,
1100 2412 1147 2457 sn·

125 2477 331 2561 Macedones,
354 2481 405 2542 tot
427 2477 549 2542 emensi
572 2477 680 2560 spatia
704 2480 909 2562 terrarum,
899 2501 933 2542 m
957 2480 1026 2544 soie
1054 2479 1117 2547 οι
1107 2501 1137 2545 m

126 2567 242 2631 castris
262 2588 354 2630 senes
372 2566 460 2649 facti,
478 2588 535 2648 per
554 2566 680 2629 obieeta
698 2565 839 2646 flumina,
857 2588 915 2651 per
932 2570 984 2631 tot
1002 2572 1137 2634 naturae

124 2655 293 2719 obstantes
313 2654 451 2718 difficult
437 2658 522 2718 tates
541 2653 680 2718 secuturi
700 2657 819 2718 essent:
791 2653 1046 2721 tebundantes
1067 2678 1139 2724 onu-

127 2747 258 2844 stosque
276 2743 396 2825 praeda
409 2743 515 2826 magis
528 2745 623 2823 perta
640 2742 704 2806 frui
718 2742 801 2806 velle
802 2764 925 2843 ,quam
940 2741 1139 2827 adquirendo

70 2842 107 2890 11
127 2829 186 2894 fat'
162 2832 268 2914 tigeri.
315 2829 391 2894 Non
417 2829 504 2893 idern
531 2829 655 2896 sibiet
640 2830 840 2896 tmilitibus
869 2830 968 2896 animi
996 2853 1088 2919 esse,
1112 2853 1140 2901 se

127 2918 230 2981 totius
262 2918 351 2982 orbis
387 2917 558 3001 imperium
594 2922 703 2982 mente
739 2919 930 3003 conplexum
963 2885 1120 2988 adhuc
1108 2944 1141 2988 m

128 3025 262 3087 operum
285 3026 417 3070 suorum
438 3004 616 3088 primordio
640 3009 740 3072 stare.
763 3007 901 3073 militem
921 3006 1038 3075 labore
1058 3011 1141 3077 defer

127 3093 268 3175 tigatum
300 3094 484 3176 proximum
516 3113 673 3176 quemque
708 3093 794 3160 fruct
779 3098 850 3160 tum
882 3095 975 3160 finito
1007 3100 1142 3168 tandem

77 3193 110 3243 ιι
128 3180 272 3265 periculo
297 3184 456 3265 expetere.
496 3179 586 3245 Vicit
606 3200 683 3264 ergo
707 3183 821 3266 cupido
848 3184 1009 3249 rationem
1041 3194 1077 3255 et
1105 3188 1161 3259 od.

128 3268 309 3334 contionem
338 3269 461 3334 voeatm
487 3267 646 3333 militibus
670 3269 710 3334 ed
737 3269 823 3336 huno
845 3271 986 3338 maxime
1009 3278 1146 3347 modum

129 3356 292 3424 disseruit:
334 3355 455 3422 ‘'Non
446 3377 574 3442 rgnoro,
602 3356 737 3441 milites,
767 3359 884 3444 multa,
910 3382 993 3444 quae
1021 3368 1167 3435 terrem*

128 3469 186 3514 ros
200 3448 348 3605 possent,
366 3445 407 3511 ab
424 3445 538 3509 incolis
552 3444 662 3509 Indiae
680 3467 737 3530 per
755 3446 815 3512 hos
834 3411 902 3512 die's
922 3448 961 3513 de
979 3449 1148 3525 industris

56 3548 94 3596 13
114 3558 188 3605 esse
206 3538 298 3606 iacta
299 3539 343 3607 ta
299 3532 445 3606 tSed
462 3555 531 3602 non
548 3533 623 3600 est
614 3535 786 3619 inprouisa
799 3535 896 3599 uobis
912 3540 1147 3615 mentientium
