2356 3846
105 147 146 212 18
476 147 508 212 Q.
528 147 638 203 OURTI
655 147 742 202 RUFI

19 329 23 356 ς
103 292 160 356 alii
189 313 269 377 prae
299 296 388 357 metu
419 291 590 376 imperium
618 292 731 375 exequi
756 313 823 356 non
850 290 1026 376 audebant,
1057 292 1114 356 alii

101 381 497 535 {ruruffirexequebantun
523 380 611 465 quia,
633 380 688 445 ubi
710 384 820 465 partes
842 380 964 464 labant,
987 401 1115 445 summa

525 625 604 694 Osa.
626 625 681 692 IX.

66 754 80 802 1
189 733 285 799 Acies
314 737 421 800 autem
445 734 507 799 hoe
529 733 626 799 modo
649 732 748 797 stetit.
792 729 1000 797 Nabarzanes
1024 732 1153 816 equi-23

100 825 172 886 tatu
203 823 350 887 dextrum
377 843 476 888 cornu
503 821 657 886 tuebatur
686 819 803 885 additis
830 819 1031 885 funditorum
1062 842 1111 885 sa

65 929 81 977 2
100 910 371 995 gittariorumque
393 911 509 995 viginti
526 909 593 973 fere
611 908 751 973 milibus.
786 907 826 971 In
841 907 953 972 eodem
967 907 1111 991 Thymo·

100 997 156 1062 des
179 1003 258 1083 erat,
282 997 414 1063 Graecis
432 997 594 1082 peditibus
612 997 758 1061 mercede
777 995 952 1079 conductis,
973 996 1111 1080 triginta

99 1085 245 1170 milibus,
279 1087 494 1169 praepositus.
551 1084 623 1150 Hoc
652 1089 730 1149 erat
764 1084 852 1149 haud
883 1083 978 1148 dubie
1010 1084 1111 1149 robur

65 1175 271 1258 aexercitus,
299 1195 360 1257 par
381 1172 607 1238 Macedonicae
633 1172 789 1257 phalangi
816 1171 910 1237 acies.
954 1169 995 1235 In
1016 1171 1109 1238 laevo

100 1282 200 1325 comu
230 1260 452 1326 Aristomedes
483 1261 659 1326 Thessalus
694 1278 742 1325 xx
775 1261 866 1326 mdia
896 1259 1111 1341 barbarorum

98 1349 243 1430 peditum
274 1350 425 1415 habebat
480 1347 521 1413 In
551 1348 703 1413 subsidiis
734 1347 992 1433 pugnacissimas
1022 1349 1109 1413 loca·

64 1440 192 1504 ararat
217 1441 339 1521 gentes.
383 1436 495 1521 Ipsum
521 1457 632 1522 regem
656 1437 692 1501 in
718 1437 832 1502 eodem.
856 1456 956 1501 cornu
978 1434 1110 1502 dimica·

98 1529 208 1588 turum
230 1525 294 1590 tria
315 1525 406 1589 milia
428 1525 624 1590 delectorum
639 1525 791 1609 equitum,
814 1523 949 1588 adsueta
963 1525 1109 1608 corporis

100 1613 258 1695 custodia,
281 1615 315 1676 et
336 1613 495 1697 pedestris
518 1612 615 1695 acies,
640 1612 855 1697 quadraginta
876 1612 976 1694 milia,
998 1633 1110 1696 seque·

64 1720 80 1770 o
99 1700 229 1764 bantur:
256 1699 402 1784 Hyrcani
424 1700 538 1766 deinde
560 1699 710 1785 Medique
731 1700 869 1785 equites:
895 1700 947 1763 his
969 1701 1111 1782 proximi

99 1790 277 1853 ceterarum
299 1789 458 1874 gentium,
487 1789 573 1852 ultra
600 1809 656 1853 eos
683 1787 797 1852 dextra
822 1788 978 1872 laeuaque
1001 1787 1110 1872 dispo·

99 1876 163 1939 siti.
194 1875 267 1942 Hoc
285 1898 411 1962 agmen,
434 1877 518 1941 sicut
535 1875 656 1940 dictum
675 1879 733 1960 est,
755 1875 950 1940 instructum
968 1893 1005 1940 vr
1018 1878 1111 1942 milia

63 1963 310 2033 eiaculatorum
332 1964 593 2048 funditorumque
615 1963 857 2028 antecedebant.
892 1961 1054 2048 Quidquid
1074 1966 1111 2030 in

97 2052 163 2115 illis
194 2051 352 2136 angustiis
380 2052 462 2116 adiri
487 2055 630 2137 poterat,
660 2052 862 2135 inpleverant
883 2051 1010 2135 copiae,
1040 2074 1112 2119 cor·

96 2159 226 2223 nuaque
248 2139 323 2203 hinc
346 2141 387 2203 ab
409 2140 499 2224 iugo,
520 2139 610 2205 illinc
633 2162 653 2203 a
674 2140 757 2204 mari
780 2140 921 2204 stabant
965 2138 1112 2208 Uxorem

98 2230 296 2310 matremque
323 2228 410 2312 regis
437 2230 471 2290 et
497 2227 596 2292 aliurn
617 2227 810 2293 feminarum
832 2247 965 2313 gregem
986 2228 1023 2292 in
1043 2251 1112 2296 me·

98 2313 186 2378 dium
209 2335 326 2399 agmen
349 2318 547 2398 acceperant.

63 2422 78 2471 ⁷
186 2401 369 2467 Alexander
390 2403 595 2488 phalangem,
617 2425 682 2488 qua
702 2403 785 2468 nihil
808 2403 893 2487 apud
910 2402 1153 2474 Macedonas2l

96 2489 234 2555 validius
265 2494 349 2575 erat,
382 2492 417 2554 in
447 2490 554 2556 bonta
586 2491 764 2557 constituit
817 2489 976 2558 Dextrum
1007 2515 1112 2561 cornu

96 2576 254 2662 Nicanor,
284 2577 505 2643 Parmenionis
531 2578 631 2664 filius,
662 2580 829 2644 tuebatur:
865 2578 942 2645 huic
968 2583 1111 2664 proximi

98 2667 229 2731 stabant
246 2664 373 2732 Coenos
396 2669 429 2731 et
446 2665 614 2733 Perdiccas
633 2670 666 2731 et
678 2666 841 2751 Meleager
859 2672 888 2732 et
899 2667 1109 2736 Ptolemaeus

62 2757 130 2825 set
158 2754 334 2838 Amyntas,
365 2755 416 2820 sui
447 2755 580 2839 quisque
612 2755 751 2840 agminis
782 2753 888 2820 duces.
936 2755 976 2819 In
1006 2758 1111 2845 laevo,

56 2876 58 2880 ,
97 2842 183 2925 quod
205 2842 246 2909 ad
267 2864 356 2907 mare
377 2843 570 2926 pertinebat,
591 2841 744 2909 Craterus
767 2846 800 2907 et
812 2841 985 2909 Parmenio
1007 2850 1110 2932 erant,

97 2929 153 2994 scd
180 2927 333 2995 Craterus
360 2930 565 2995 Parmenioni
596 2952 710 3013 parcre
736 2932 852 2996 iussus.
901 2931 1038 3016 Equites
1067 2935 1109 3000 ab

96 3021 233 3101 utroque
253 3039 352 3083 cornu
365 3018 478 3084 locati:
502 3016 648 3084 dextrum
661 3018 854 3085 Macedones
868 3019 1035 3087 Thessalis
1053 3023 1109 3088 ad·

62 3106 211 3189 eiuncti,
246 3106 373 3172 laevum
404 3105 633 3189 Peloponnesii
662 3107 845 3173 tuebantur.
902 3108 991 3174 Ante
1022 3109 1110 3177 hano

96 3193 198 3258 aciem
224 3197 378 3277 posuerat
404 3193 603 3260 funditorum
630 3216 761 3260 manum
784 3197 962 3281 sagittariis
984 3197 1109 3264 admix-

96 3281 149 3345 tis.
194 3280 334 3346 Thraces
361 3302 487 3367 quoque
514 3286 548 3348 et
569 3282 738 3350 Cretenses
765 3287 840 3349 ante
867 3305 985 3371 agmen
1007 3286 1109 3372 ibant,

45 3391 78 3439 ro
97 3373 131 3433 et
151 3370 215 3453 ipsi
237 3369 350 3434 leviter
372 3370 498 3435 armati.
535 3369 580 3435 At
601 3371 652 3456 iis,
675 3372 731 3456 qui
752 3372 923 3456 praemissi
942 3373 983 3438 ab
997 3371 1108 3441 Dareo

26 3566 33 3573 .
65 3457 212 3601 am
232 3457 1108 3636 aar⁹..ubulularrsrnutr
