2356 3846
125 180 192 246 214
495 179 526 246 Q.
546 178 656 236 CURTI
674 179 759 235 RUFI

549 374 630 442 One.
652 374 709 442 XL

90 511 105 562 r
212 499 298 565 Hinc
324 499 525 584 Polypercon
547 498 588 564 ad
610 500 723 565 urbem
745 496 870 565 Noram
893 519 968 565 cum
991 498 1168 566 exercitati

119 589 241 655 missus
263 587 444 667 inconditos
463 587 641 671 oppidanos
664 586 788 671 proelio
811 587 902 652 vicit:
926 587 1017 653 intra
1034 587 1134 655 muni-

124 681 233 741 menta
257 677 429 761 conpulsos
459 678 585 741 secutus
612 676 726 740 urbem
753 676 788 740 in
814 674 974 741 dicionem
1001 676 1134 761 redegit

89 763 229 830 aMulta
251 764 410 849 ignobilia
432 762 551 847 oppida
574 763 702 829 deserta
724 785 744 828 a
766 761 834 828 suis
855 783 973 839 venere
996 763 1032 830 in
1048 765 1133 849 regie

33 906 35 912 .
123 856 328 936 potestatem.
382 849 526 928 Quorum
552 851 677 916 incolae
704 851 823 916 armati
852 855 982 935 petram
1009 851 1135 919 Aornin

124 942 253 1007 nomine
280 943 525 1024 occupaverunt
574 938 667 1005 Hanc
693 939 734 1004 ab
761 937 902 1005 Hercule
927 938 1055 1005 frustra
1081 940 1135 1006 cb·

125 1050 249 1094 sessam
276 1050 347 1094 esse
374 1031 542 1112 terraeque
569 1031 660 1093 motu
687 1030 836 1093 coactum
863 1027 1023 1094 absistere
1048 1027 1135 1094 fama

90 1116 321 1200 evulgaverat
356 1115 491 1199 Inopem
509 1116 636 1182 consilii
653 1115 883 1200 Alexandrum,
901 1115 979 1200 quia
996 1116 1134 1202 undique
1166 1143 1172 1154 ·

125 1226 279 1357 lsttt
301 1203 993 1377 {tlbttlttlllltlu⁹¹¹3?,ttltl
1010 1205 1134 1377 eut

751 1341 761 1375 7

90 1394 107 1442 4
126 1383 219 1462 esset,
238 1380 360 1445 aditum
379 1401 414 1444 se
432 1378 687 1447 monstraturum
705 1400 777 1445 esse
793 1379 1000 1464 promittens.
1041 1396 1135 1448 nm

124 1469 248 1533 talenta
284 1468 454 1533 constituit
489 1468 640 1534 daturum
675 1468 861 1534 Alexander
895 1471 930 1533 et
961 1469 1069 1535 altero
1100 1490 1134 1535 cx

124 1555 295 1620 iuvenibus
314 1556 426 1621 obside
444 1558 570 1621 retento
589 1557 695 1640 ipsum
714 1556 754 1621 ed
769 1555 962 1640 exequenda,
980 1577 1067 1642 quae
1084 1557 1134 1623 ob·

90 1656 106 1705 5
125 1643 255 1728 tulerat,
273 1644 405 1709 dimisit.
437 1642 567 1709 Leviter
586 1645 720 1710 armatis
736 1643 800 1709 dux
814 1643 908 1711 dutus
923 1647 975 1710 est
988 1643 1132 1730 Mylleea

125 1732 232 1797 scriba
249 1732 343 1817 regis.
389 1730 458 1797 Hos
478 1732 566 1797 eninr
584 1732 729 1816 circuitu,
746 1754 810 1816 quo
828 1732 982 1798 fallerent
999 1733 1132 1816 hostem,

33 1814 41 1832 ‘
90 1820 159 1884 oin
184 1841 345 1886 summum
371 1821 483 1905 iugum
506 1820 655 1903 placebat
682 1821 825 1886 evadere.
872 1819 972 1886 Petra
993 1842 1075 1902 non,
1099 1824 1132 1887 nt

125 1908 306 1992 pleraeque,
329 1908 464 1974 modicis
488 1928 525 1972 ec
548 1907 700 1973 mollibus
724 1908 816 1974 clivis
834 1908 869 1973 in
888 1908 1029 1974 sublime
1047 1909 1131 1976 fasti·

125 1996 213 2080 gium
233 1997 356 2079 crescit,
380 1996 488 2061 sedin
511 1998 617 2061 metae
635 1997 774 2061 maxime
796 1996 929 2063 modum
947 2000 1057 2063 erecte
1079 2000 1130 2076 est,

124 2084 213 2148 cuius
241 2083 307 2148 ima
334 2083 530 2167 spatiosiora
557 2087 646 2168 sunt,
673 2085 790 2149 altiore
814 2085 850 2149 in
877 2083 980 2150 artius
1009 2088 1129 2165 coeunt,

90 2184 249 2236 ‘leumma
280 2171 315 2235 in
342 2174 471 2236 acutum
500 2192 653 2237 cacumen
679 2176 852 2257 exurgunt
900 2171 1040 2240 Radices
1067 2174 1128 2238 ciue

124 2257 222 2323 Indue
251 2259 355 2323 amnis
378 2258 480 2342 subit,
502 2259 680 2343 praealtus,
705 2261 870 2344 utrimque
893 2261 1019 2344 asperis
1041 2261 1128 2346 ripis:

20 2395 26 2407 .
125 2347 166 2413 ab
194 2347 297 2412 altera
318 2350 412 2431 parte
434 2347 608 2431 voragines
631 2349 814 2432 eluviesque
836 2353 1030 2433 praeruptae
1052 2352 1128 2415 sunt

88 2433 193 2501 sNec
220 2434 286 2501 alia
312 2435 516 2521 expugnandi
538 2436 673 2519 patebat
700 2437 766 2526 via,
793 2457 892 2521 quam
914 2438 952 2502 ut
974 2438 1126 2522 repleren-

124 2529 186 2590 tur.
226 2522 278 2588 Ad
296 2544 430 2588 manum
453 2524 537 2590 silva
560 2527 638 2608 eret,
661 2545 758 2606 quam
779 2545 837 2588 rex
855 2524 904 2589 ita
921 2524 1013 2590 caedi
1030 2524 1128 2607 iussit,

123 2616 161 2677 ut
182 2613 260 2678 nudi
283 2612 411 2696 stipites
434 2611 623 2697 iacerentur,
646 2611 765 2696 quippe
787 2611 872 2677 rami
891 2611 1006 2679 fronde
1024 2609 1127 2680 vestiti
1167 2636 1172 2663 ¹

123 2701 322 2784 inpedissent
353 2699 505 2766 ferentes.
552 2698 627 2784 Ipse
659 2699 783 2784 primns
810 2703 960 2766 truncam
986 2701 1128 2769 arborem
1167 2670 1172 2793 i

123 2789 200 2852 iecit
219 2788 402 2870 clamorque
422 2787 589 2872 exercitus,
612 2787 708 2852 index
725 2787 916 2873 alacritatis,
938 2792 1068 2856 secutus
1084 2790 1128 2855 eet
1168 2798 1172 2929 1

89 2875 212 2939 enullo
236 2874 433 2939 detrectante
457 2894 586 2957 munus,
616 2875 702 2959 quod
723 2897 780 2942 rex
802 2880 1001 2960 occupasset.
1046 2868 1161 2943 meet

124 2963 299 3045 septimum
327 2960 411 3026 diem
435 2981 588 3027 cavernas
612 2964 833 3050 expleverant,
858 2985 932 3030 eum
953 2986 1011 3032 rex
1034 2966 1128 3051 sagit
1169 2942 1172 3053 l

123 3049 224 3114 terios
252 3052 286 3150 et
304 3047 477 3151 ,Agrianos
505 3048 596 3115 iubet
623 3072 680 3134 per
707 3053 808 3118 ardua
833 3052 909 3118 niti:
938 3052 1129 3156 iuvenesque
1169 3094 1172 3177 4

73 3150 105 3199 ¹⁰
123 3140 384 3290 duellet
398 3137 1007 3315 eteltdtttutfqttsstx
1029 3141 1131 3298 tlt.
1168 3186 1172 3315 l

123 3313 189 3397 nis,
212 3312 297 3398 quod
320 3311 383 3377 sibi
406 3334 480 3379 cum
502 3335 540 3380 eo
563 3336 732 3382 commune
750 3320 849 3401 esset,
872 3316 1054 3387 admonuit.
1087 3317 1132 3385 Ao
1169 3320 1172 3393 l

124 3401 243 3487 primo,
271 3400 348 3485 quia
374 3403 444 3467 tam
469 3403 678 3470 manifestum
705 3404 884 3488 periculum
910 3410 997 3492 erat,
1028 3407 1131 3493 ipsun
1170 3398 1172 3431 ¹

62 3502 97 3551 ιι
114 3511 230 3578 regem
259 3488 435 3558 &eumen
460 3491 568 3557 subire
595 3491 820 3575 conplacuit:
852 3491 909 3558 sed
939 3497 978 3560 nt
1005 3495 1132 3583 signum

105 3581 190 3649 tube
213 3581 333 3652 datum
363 3585 431 3672 est,
458 3580 511 3649 vir
533 3579 691 3648 audacias
710 3582 887 3662 promptas
907 3599 1080 3649 convensus
1093 3580 1135 3647 nd
