2356 3846
128 160 193 224 164
499 157 530 223 Q.
550 156 660 212 GURTI
677 156 765 211 RUFI

90 304 249 374 eGraves
280 302 396 368 deinde
427 301 520 367 aride
556 302 674 366 hausto
711 300 846 366 humore
879 321 946 367 non
978 301 1138 369 sustinere

126 415 230 477 arma,
259 414 325 457 non
352 389 479 476 ingredi
508 393 660 474 poterant
688 393 721 454 et
747 388 907 454 feliciores
933 389 1138 476 videbantur,

126 503 206 565 quos
240 502 324 565 aqua
355 479 527 562 defecerat,
565 499 637 543 cum
671 477 735 563 ipsi
767 478 835 542 sine
867 477 963 543 modo
995 478 1139 544 infusam

91 570 251 638 evomita
288 572 480 653 cogerentur
516 587 654 652 egerere.
709 565 852 630 Anxium
886 586 998 651 regem
1034 569 1138 634 tantis

125 658 222 722 malis
245 657 432 722 circumfusi
451 657 560 738 amici,
583 658 620 719 ut
642 655 844 719 meminisset
861 655 1013 733 orabant,
1038 657 1139 720 animi

126 746 176 810 sui
203 745 461 830 magnitudinem
489 744 619 809 unicum
644 742 823 807 remedium
850 742 1029 807 deficientis
1051 766 1140 809 exer·

74 853 107 902 10
126 836 208 899 citus
227 856 310 899 esse:
333 855 406 898 cum
425 854 463 897 ex
481 832 543 915 his,
562 832 617 916 qui
635 836 877 914 praecesserant
891 832 932 896 ad
946 831 1140 916 capiendum

124 924 231 987 locum
251 923 379 1002 cestris,
402 921 464 986 duo
485 925 657 986 occurrunt
674 920 801 985 utribus
821 941 940 1004 aquam
960 924 1139 1007 gestantes,

124 1015 163 1075 ut
188 1011 264 1074 filiis
294 1011 373 1093 suis,
405 1030 486 1093 quos
519 1010 553 1072 in
580 1009 692 1074 eodem
720 1009 850 1092 agmine
883 1030 952 1074 esse
981 1013 1015 1073 et
1041 1031 1139 1097 aegre

74 1118 105 1166 11
125 1100 196 1182 pati
219 1100 308 1163 sitim
330 1120 396 1163 non
417 1098 627 1183 ignorabant,
657 1101 869 1162 occurrerent.
914 1097 975 1174 Qui
1002 1119 1076 1164 cum
1104 1101 1141 1165 in

65 1195 68 1198 ’
125 1209 236 1273 regem
274 1187 477 1269 incidissent,
515 1186 598 1251 alter
630 1207 669 1250 ex
705 1184 757 1249 his
789 1189 861 1250 utre
892 1187 1039 1252 resoluto
1070 1210 1141 1342 vas,

125 1276 211 1359 quod
231 1275 327 1339 simul
349 1274 487 1356 ferebat,
509 1274 613 1357 inplet
629 1275 800 1359 porrigens
818 1275 897 1360 regi.
929 1274 990 1339 Ille
1009 1277 1132 1360 accipit
1135 1329 1141 1341 .

124 1362 349 1445 Percontatus,
377 1363 493 1446 quibus
517 1383 634 1445 aquam
658 1366 842 1445 portarent,
870 1363 947 1427 filiis
974 1363 1060 1427 ferre
1087 1387 1140 1430 eo-

74 1451 1140 1625 12cccirenaecarrucarumerre

329 1590 337 1623 7
469 1590 479 1623 7

125 1628 267 1692 dividere
307 1627 458 1692 omnibus
494 1648 637 1710 possum.
696 1626 764 1692 Vos
801 1628 920 1692 currite
954 1630 988 1692 et
1024 1629 1138 1694 liberis

125 1717 255 1800 vestris,
278 1716 363 1800 quod
385 1719 517 1798 propter
539 1715 613 1779 illos
638 1715 813 1798 attulistis,
835 1714 931 1780 date'.

73 1824 105 1871 13
213 1805 356 1869 Tandem
375 1803 416 1869 ad
434 1803 553 1867 flumen
568 1801 672 1868 Oxum
689 1805 760 1887 ipse
778 1805 926 1887 pervenit
942 1803 1051 1887 prima
1068 1805 1167 1872 feres

124 1914 272 1978 vespera,
303 1892 358 1957 sed
382 1893 539 1956 exercitus
563 1912 683 1993 magna
705 1913 780 1974 pars
803 1913 869 1956 non
891 1895 1042 1975 potuerat
1064 1915 1139 1959 eon·

125 1982 224 2064 sequi
274 1981 313 2045 In
346 1981 432 2045 edito
460 1979 691 2062 montaignes
718 1980 809 2044 iubet
837 1981 919 2082 fieri,
946 1981 1050 2065 utri,
1083 1985 1140 2067 qui

125 2089 219 2151 aegre
248 2068 476 2152 sequebantur,
508 2066 594 2131 haud
621 2069 732 2151 procul
761 2069 914 2132 castris
904 2090 993 2152 ipsos
1022 2033 1139 2136 adressa

74 2175 106 2222 ιι
125 2161 364 2240 cognoscerent.
414 2155 481 2219 Eos
510 2158 632 2238 autem,
661 2156 717 2239 qui
742 2157 839 2239 primi
866 2157 1006 2241 agminis
1035 2164 1141 2245 erant,

125 2249 250 2308 mature
278 2245 350 2308 cibo
378 2264 416 2307 ac
438 2244 570 2327 potione
598 2243 758 2328 firmatos,
785 2245 910 2328 inplere
932 2245 1015 2310 alios
1038 2252 1140 2331 utres,

126 2332 206 2398 alios
235 2354 326 2414 vasa,
354 2331 607 2416 quibuscumque
631 2353 715 2416 aqua
741 2333 867 2416 portari
889 2337 1013 2417 posset,
1041 2299 1140 2401 iussit

73 2439 105 2488 15
126 2441 163 2485 ac
182 2421 247 2485 suis
268 2441 362 2503 opem
380 2419 474 2484 ferre.
511 2418 573 2484 Sed
592 2420 648 2503 qui
665 2421 933 2504 intemperantius
951 2421 1139 2508 hauserant,

125 2509 301 2574 intercluso
326 2508 441 2591 spiritu
465 2508 600 2573 extincti
619 2511 696 2572 sunt
713 2508 880 2592 multoque
899 2510 1002 2575 maior
1021 2510 1137 2576 horum

73 2616 105 2665 16
124 2619 275 2662 numerus
308 2596 383 2680 fuit,
416 2618 514 2680 quam
540 2597 609 2661 ullo
640 2597 794 2662 amiserat
824 2598 956 2680 proelio.
1001 2598 1049 2664 Aa
1081 2601 1138 2665 ille

124 2686 290 2751 thoracem
322 2685 426 2749 adhuc
459 2684 591 2749 indutus
622 2706 682 2749 nec
717 2689 773 2749 aut
804 2685 875 2750 cibo
907 2685 1048 2751 refectus
1082 2693 1137 2754 aut

124 2779 218 2856 potu,
252 2795 316 2857 qua
340 2772 492 2836 veniebat
520 2774 692 2857 exercitus,
725 2773 874 2844 constitit
904 2794 963 2838 nec
992 2780 1068 2842 ante
1097 2777 1137 2842 ad

125 2861 302 2924 curandum
334 2881 450 2942 eorpus
482 2861 629 2944 recessit,
667 2883 764 2944 quam
795 2863 1045 2947 praeterierant,
1082 2865 1136 2949 qui

125 2967 243 3030 agmen
270 2949 462 3030 caedebant,
484 2950 651 3032 totamque
676 2970 746 3012 eam
769 2954 898 3015 noctem
921 2971 993 3015 cum
1017 2973 1136 3038 magno

71 3054 105 3104 1‘1
124 3036 223 3100 animi
251 3039 342 3100 motu
369 3035 535 3119 perpetuis
562 3036 685 3120 vigiliis
713 3036 789 3121 egit.
834 3037 903 3104 Nec
929 3042 1063 3122 postero
1087 3041 1137 3106 die

123 3124 241 3188 laetior
265 3128 333 3187 eret
339 3123 447 3206 ,quia
468 3144 528 3188 nec
551 3125 683 3208 navigia
705 3124 848 3190 habebat
868 3148 926 3192 nec
948 3149 1032 3210 pons
1056 3129 1136 3215 erigi

123 3214 268 3296 poterat,
296 3211 415 3275 circum
438 3232 565 3277 amnem
587 3213 673 3279 nudo
696 3214 759 3279 solo
782 3219 815 3279 et
838 3215 974 3280 materia
997 3219 1136 3283 maxime

125 3300 237 3366 sterili.
274 3297 454 3365 Consilium
474 3302 587 3387 igitur,
610 3302 695 3387 quod
713 3324 813 3366 unum
830 3304 1007 3370 necessitas
1032 3305 1136 3371 subie-

124 3394 228 3473 cerat,
251 3387 463 3454 initUttres
486 3392 765 3474 quamplurimos
788 3393 975 3458 stramentis
999 3394 1136 3460 refertos

48 3493 88 3541 rs
107 3475 240 3544 dividit.
287 3476 354 3545 His
380 3478 541 3545 incubant
526 3483 577 3546 tes
605 3483 816 3545 transnavere
844 3501 984 3564 amnem,
1017 3484 1137 3569 quique

82 3565 199 3641 Primi
228 3570 523 3655 transierant‚in
554 3570 702 3639 statione
730 3572 840 3652 erant,
869 3568 949 3631 dnm
969 3570 1142 3634 traicerent
