2356 3846
418 847 732 916 PRAEFATIO.

116 1167 122 1177 .
137 1095 256 1177 Omnem
268 1095 451 1177 historiarum
461 1095 492 1160 Q.
504 1094 583 1176 Curti
593 1094 660 1176 .R¹¹fi
674 1094 901 1176 emendationem
914 1093 970 1148 niti
980 1093 1083 1148 debere

62 1166 446 1305 urrunnun
479 1166 615 1318 risisse
629 1165 1083 1318 testareturque:

62 1310 148 1364 nibus
167 1326 231 1363 cum
249 1307 370 1362 aliorum
387 1310 449 1362 tum
466 1307 497 1363 E.
513 1307 677 1362 Hedrclni
696 1307 936 1377 disputatiombus
956 1307 1027 1361 adeo
1046 1307 1083 1361 ad

62 1381 205 1449 liquidum
222 1379 390 1450 perductum
409 1381 464 1448 est,
483 1381 564 1434 ntea
578 1379 613 1434 de
627 1395 658 1434 re
671 1379 752 1433 nulla
765 1379 852 1434 firerit
865 1378 940 1433 inter
953 1378 1082 1433 homines

65 1453 176 1519 doctos,
201 1451 250 1520 qui
271 1449 407 1520 proximis
432 1450 529 1505 decem
552 1450 634 1504 annis
657 1449 688 1503 in
714 1452 769 1504 hoo
793 1449 951 1504 studiorum
979 1451 1099 1532 genere'

64 1523 297 1590 elaboraverunt,
325 1521 525 1577 controversia.
567 1521 600 1575 Id
623 1539 710 1576 unum
733 1521 894 1576 etiamnunc
918 1521 1081 1591 amb1gitnr,

66 1592 141 1648 sitne
160 1593 211 1648 nni
229 1610 264 1647 ex
281 1593 327 1647 his
341 1593 436 1661 libris,
455 1591 584 1648 Parisino
597 1592 635 1660 A,
655 1591 714 1647 fere
728 1594 828 1648 eadem
842 1609 880 1646 an
892 1591 979 1662 paulo
992 1591 1084 1646 maior

62 1664 216 1719 tribuenda
234 1681 321 1733 qnam
343 1664 444 1720 ceteris
464 1664 627 1718 auctoritas.
664 1663 757 1718 Multa
774 1663 932 1734 singularia
950 1663 1083 1724 exhibere

62 1735 147 1790 illum
165 1735 304 1803 codicem,
329 1735 378 1804 qui
396 1752 414 1789 a
432 1734 562 1805 Zumptio
582 1734 651 1789 olim
669 1733 810 1790 immrito
829 1734 976 1804 neglectus
994 1750 1084 1804 nuper

64 1807 178 1862 demum
200 1805 334 1861 Hedickii
357 1805 509 1877 diligentia
534 1806 627 1861 doctis
650 1805 812 1861 hominibus
838 1805 976 1872 innotuit,
1000 1821 1082 1859 nemo

62 1895 100 1933 ne
139 1880 159 1932 t.
187 1878 247 1931 lam
266 1895 330 1932 cum
347 1876 576 1948 interpolationis
594 1877 719 1948 suspicio
738 1877 770 1932 in
787 1878 862 1931 hunc
879 1876 971 1930 multo
989 1875 1083 1931 minus

63 1967 101 2075 ι,
119 1948 601 2090 {assistensque

64 2091 124 2145 sint
143 2122 177 2131 -
196 2091 290 2145 facere
307 2108 365 2145 non
378 2062 511 2159 possum,
526 2087 595 2159 quin
610 2088 771 2150 etiamnunc
785 2106 850 2144 cum
863 2089 895 2145 A.
911 2089 1083 2144 Eussnero

64 2165 150 2232 (spec.
170 2161 258 2216 critic.
280 2167 361 2227 18683
382 2160 483 2215 Philol.
504 2160 626 2215 XXVHI.
648 2167 678 2227 33
696 2160 808 2215 XXXII.
829 2169 860 2227 13
879 2161 965 2216 index
982 2160 1082 2231 philol.

64 2237 146 2304 18‘10)
161 2232 301 2303 profitear,
316 2234 428 2302 praeter
442 2233 551 2286 ceteros
565 2231 647 2286 illum
660 2230 751 2286 videri
764 2231 820 2286 fide
835 2231 960 2302 dignum.
984 2232 1084 2301 Neque

61 2308 172 2371 tamen,
197 2305 229 2357 nt
252 2303 345 2358 dicam
368 2303 444 2371 quod
463 2302 568 2371 sentio,
592 2305 705 2358 tantum
723 2306 863 2372 quantum
880 2303 1001 2358 forsitan
1019 2304 1082 2372 quis

63 2374 195 2444 opinetur
222 2373 320 2442 refert,
353 2374 410 2429 utri
441 2374 600 2429 sententiae
630 2374 723 2429 editor
753 2374 929 2500 suffragetur.
970 2375 1083 2430 Etenim

63 2463 128 2501 cum
144 2445 317 2500 ‘foedissimis
332 2445 435 2499 calami
454 2445 594 2500 erroribus
613 2445 777 2514 inquinatus
792 2446 831 2500 sit
867 2446 987 2501 arisinus
1001 2446 1082 2514 liber,

62 2516 200 2586 quamdiu
218 2515 268 2571 ille
286 2516 317 2569 in
335 2533 385 2570 sno
405 2532 508 2587 genere
531 2519 644 2586 praeter
664 2517 789 2572 minutas
809 2517 937 2572 eiusdem
955 2517 1082 2572 familiae

62 2587 199 2656 reliquias
222 2587 321 2642 unicus
341 2587 407 2654 erit,
431 2588 453 2641 ii
472 2588 521 2657 qni
545 2587 663 2642 criticen
679 2587 710 2642 in
730 2588 761 2654 Q.
782 2588 879 2643 Curtio
899 2590 1030 2643 exercent
1048 2605 1083 2643 ea

63 2675 150 2728 opera
173 2658 354 2729 supersedere
379 2674 436 2713 non
458 2661 604 2728 poterunt,
634 2661 666 2713 nt
689 2659 809 2728 singulis
832 2659 917 2727 locis,
946 2661 1083 2728 quantum

61 2729 130 2785 fidei
148 2731 208 2784 tam
226 2730 411 2800 neglegenter
427 2729 627 2800 transscripto,
647 2730 776 2799 quamvis
793 2731 869 2785 bono
888 2730 962 2785 libro
976 2731 1083 2800 haben-

63 2802 131 2857 dum
155 2800 205 2868 sit,
237 2800 390 2871 diligenter
413 2804 550 2870 cauteque
577 2802 743 2872 ponderent.
788 2802 847 2857 Usu
869 2819 929 2857 reru
952 2804 1082 2872 expertus

61 2872 186 2927 libenter
200 2875 297 2939 testor,
317 2873 354 2926 ad
369 2872 460 2927 Curtii
474 2872 690 2943 grammaticam
703 2873 919 2942 aliquantulum,
939 2875 977 2928 ad
990 2891 1083 2929 emen-

63 2944 189 2998 dandam
209 2942 269 2999 eius
289 2943 446 2999 orationem
464 2944 724 3013 enucleandumque
739 2944 852 2999 sensum
865 2945 942 3000 haud
956 2944 999 2999 ita
1011 2945 1082 2998 mul-

61 3017 124 3070 tum
137 3013 282 3082 interesse,
293 3014 324 3068 in
332 3016 425 3069 utram
434 3017 544 3084 partem
557 3014 748 3085 inclinaveris,
758 3016 863 3087 quippe
874 3034 937 3070 eum
945 3015 1081 3086 pleraque

62 3086 195 3157 graviora
208 3086 311 3141 menda
321 3103 410 3155 aeque
425 3103 459 3141 ac
473 3086 592 3142 lacunae
606 3086 732 3142 omnium
744 3087 804 3142 fere
817 3087 942 3156 quinque
953 3087 1082 3142 codicum

61 3157 120 3212 sint
143 3156 309 3225 communia.
350 3157 473 3212 'lantum
500 3160 597 3213 tamen
619 3157 749 3213 Parisino
778 3159 904 3214 dandum
932 3175 993 3214 esse
1017 3176 1080 3213 cum

60 3229 234 3283 Eussnero
263 3244 376 3296 censeo,
409 3231 453 3296 ut,
486 3229 649 3298 ubicunque
679 3229 739 3284 eius
771 3229 910 3285 lectiones
942 3246 1033 3299 neque
1063 3247 1081 3284 a

59 3299 208 3426 isffiiptoris
218 3316 305 3426 &siga
305 3317 401 3426 {13un
402 3317 438 3426 tlela
458 3318 541 3438 sengu
559 3301 666 3426 ἰιιειίιιιι
683 3301 1080 3427 reprehensirfiircrlemtnabeanht,

106 3389 139 3425 us
165 3388 217 3425 auc
249 3389 274 3426 r1
359 3390 371 3426 s
434 3390 455 3426 r.
523 3389 591 3426 nam
630 3388 712 3428 eem
737 3389 771 3430 eo
798 3389 850 3427 con
891 3389 926 3427 en
940 3390 985 3426 ius
1009 3391 1055 3424 nn
1069 3390 1089 3422 ι

60 3442 154 3509 sanxi,
178 3459 242 3497 cum
260 3441 298 3512 is,
319 3442 367 3511 qui
385 3441 467 3498 illum
485 3443 615 3501 codicem
632 3391 802 3502 afficuratins
820 3459 914 3510 quarn
927 3441 988 3493 suu
1002 3451 1110 3514 pmcne

54 3515 250 3582 perscrutatus
268 3514 319 3584 sit,
338 3513 369 3571 Ε.
386 3514 414 3571 H
419 3516 606 3589 edickius,
624 3516 725 3575 simile
745 3510 978 3587 quiddam'xllffi
986 3501 1136 3554 ”ww

49 3585 158 3638 docere.
205 3585 287 3640 Dicit
316 3587 396 3647 enim
410 3591 500 3709 5430AE
510 3591 724 3709 939}qu
743 3589 808 3644 ᾖ
833 3585 937 3710 ,mg
955 3559 1166 3627 mandamaes
