2356 3846
56 130 59 137 ’
120 171 187 236 220
493 166 525 235 o.
544 165 760 236 eoeneum

120 315 232 382 oeulos
249 313 396 380 hostium
412 315 583 396 averteret,
605 310 826 378 Ptolemaeum
844 313 995 380 omnibus
1014 314 1129 380 turmis

120 403 309 487 obequitare
334 401 431 466 iussit
456 400 569 486 prouul
591 399 700 465 insula
727 404 760 465 et
788 399 922 466 subinde
945 400 1046 468 Indos
1068 404 1129 468 ela

68 504 101 553 re
120 512 210 558 more
241 488 376 574 terrere,
407 489 500 573 quusi
526 488 646 554 flumen
675 491 901 554 transnaturus
927 487 1023 555 feret.
1068 488 1131 556 Per

120 578 292 663 conplures
314 577 384 644 dies
405 576 612 643 Ptolemaeus
634 576 668 642 id
690 575 769 642 feeit
789 598 894 662 eoque
914 578 1053 644 oonsilio
1071 577 1130 644 Po·

67 767 102 816 20
119 685 670 839 brettenbrunum?
696 667 1131 839 iiillnqdimnllffl

118 843 225 909 hostis
247 842 356 908 insula
377 845 457 907 erat.
501 840 686 907 Alexander
706 841 742 905 in
765 841 893 906 diversa
918 846 1014 925 parte
1040 843 1132 927 ripae

121 932 221 997 statui
253 952 346 997 suum
376 929 621 1013 tabernaculum
652 928 751 995 iussit
776 929 1008 1014 adsuetumque
1034 931 1131 996 eomi-

120 1020 185 1085 tari
215 1019 325 1104 ipsum
351 1018 519 1085 eohortem
546 1020 621 1083 ante
647 1017 681 1081 id
708 1017 954 1119 tabernaculum
976 1022 1073 1120 ‘stare
1099 1022 1132 1084 et

66 1206 100 1256 Ἃ
119 1128 249 1260 tlt?
256 1111 598 1261 tertullini?
619 1105 1132 1289 mitittttttuttt

120 1284 184 1349 sibi
207 1288 241 1348 et
261 1283 349 1348 haud
371 1282 533 1366 disparem
555 1281 672 1347 habitu
694 1282 761 1348 oris
784 1284 819 1346 et
839 1282 997 1366 eorporis,
1020 1283 1131 1368 utique

120 1392 192 1437 eum
208 1371 321 1454 proeul
339 1371 511 1454 viseretur,
533 1373 624 1435 reste
644 1370 736 1455 regis
753 1373 891 1437 exornat
906 1370 1131 1454 praebiturum

121 1459 260 1542 speeiem
266 1508 276 1542 ,
301 1459 409 1544 ipsum
431 1478 541 1542 regem
563 1458 615 1523 illi
637 1458 729 1541 ripae
751 1457 935 1542 praesidere
961 1479 1023 1524 nee
1046 1459 1132 1545 eugi-

65 1557 100 1608 22
118 1550 190 1611 tare
204 1546 244 1611 de
256 1546 407 1612 transitu.
442 1545 550 1611 Huius
568 1547 696 1612 consilii
714 1545 862 1612 effectum
879 1547 986 1630 primo
1004 1551 1132 1613 moratu

119 1637 297 1718 tempestas
329 1636 393 1719 eet,
423 1655 500 1699 mox
531 1633 667 1717 adiuvit,
697 1633 901 1699 incommode
931 1655 1064 1720 quoqne
1091 1634 1130 1701 sd

65 1733 100 1784 2³
119 1723 223 1788 bonos
242 1726 375 1788 eventus
397 1724 544 1786 vertente
562 1720 703 1787 fortuna
739 1721 888 1788 Traicere
905 1743 1038 1789 amnem
1060 1744 1130 1789 eum

119 1811 234 1876 ceteris
257 1811 359 1895 copiis
377 1811 412 1875 in
429 1810 596 1894 regionem
613 1809 752 1894 insulse,
773 1810 813 1876 de
831 1813 991 1894 queunte
1008 1811 1129 1877 dietum

119 1901 183 1982 est,
205 1899 357 1983 parebat,
377 1919 492 1963 averso
514 1897 611 1962 hoste
628 1899 663 1962 in
685 1919 751 1982 eos,
772 1898 828 1982 qui
851 1919 925 1962 eum
941 1896 1128 1965 Ptolemaeo

118 1986 305 2052 inferiorem
337 1985 530 2051 obsederant
559 1985 679 2070 ripam,
712 2006 786 2050 eum
816 1985 962 2070 procella
992 1986 1128 2053 imbrem

119 2075 174 2139 vir
197 2075 257 2140 sub
280 2074 375 2139 tentis
399 2072 605 2138 tolerabilem
631 2073 780 2139 effundit:
807 2074 981 2158 obrutique
1007 2076 1128 2141 milites

118 2162 230 2229 nimbo
258 2163 293 2228 in
323 2165 445 2226 terram
474 2161 662 2246 refugerunt
692 2160 832 2246 navigiis
864 2161 1054 2248 ratibusque
1080 2163 1128 2229 de·

120 2251 225 2314 sertis.
284 2247 347 2314 Sed
382 2248 650 2314 tumultuantium
685 2248 836 2315 fremitus
868 2249 1127 2335 obstrepentibus

65 2338 224 2403 eruentis
248 2337 292 2402 ab
311 2336 407 2402 hoste
429 2357 496 2402 non
512 2342 643 2420 poterat
659 2336 774 2402 audin.
817 2336 942 2403 Deinde
964 2343 1127 2405 momento

118 2426 274 2509 temporie
304 2445 472 2510 repressus
499 2429 550 2490 est
575 2426 692 2509 imber,
723 2429 866 2491 ceterum
893 2425 975 2492 adeo
1004 2420 1127 2512 spissae

118 2513 284 2580 intendere
307 2534 342 2578 se
363 2514 480 2592 nubes,
502 2517 539 2579 ut
561 2513 735 2580 conderent
756 2512 861 2579 lneem
882 2514 1000 2597 vixque
1022 2516 1127 2581 aonio-
1172 2532 1174 2561 ἔ

66 2613 99 2663 ro
119 2603 287 2686 quentium
312 2602 399 2668 inter
421 2602 511 2686 ipsos
532 2601 634 2668 facies
655 2600 901 2668 noscitarentur.
946 2601 1127 2670 'l‘ermisret
1172 2638 1174 2647 ·

118 2691 219 2755 alium
241 2689 380 2756 obducta
401 2710 467 2757 nox
489 2692 593 2774 eaelo,
619 2711 693 2756 oum
718 2689 833 2774 ignoto
855 2709 951 2756 amne
971 2691 1127 2776 navigen-

118 2777 195 2842 dum
226 2782 324 2857 esset,
354 2778 493 2843 forsitan
519 2777 616 2843 hoste
643 2799 715 2843 enm
745 2778 851 2861 ipsam
881 2777 1001 2863 ripam,
1032 2800 1127 2864 qnam

119 2865 206 2929 oaeei
233 2869 329 2949 atque
356 2865 520 2950 inprovidi
542 2865 697 2947 mebant,
725 2869 848 2932 baean.
897 2864 944 2930 At
966 2886 1024 2932 rex
1045 2866 1127 2952 peri·

119 2971 192 3017 euro
216 2953 356 3036 gloriam
378 2972 545 3018 accersens
568 2957 601 3018 et
623 2952 870 3038 obscuritatem,
898 2975 982 3038 quse
1005 2958 1128 3023 eeteros
1171 2990 1174 3031 r

66 3049 101 3102 re
119 3040 278 3119 terrebat,
299 3062 393 3106 suam
411 3039 613 3105 oeoarionem
629 3043 721 3105 ratus
739 3041 816 3108 dato
834 3043 943 3128 signo,
960 3044 1000 3107 ut
1017 3063 1127 3111 omnes
1170 3052 1174 3073 ¹

120 3125 249 3192 silentio
272 3128 481 3194 ascenderent
503 3127 538 3192 in
559 3130 662 3212 rates,
689 3149 776 3214 eam,
803 3151 869 3214 que
893 3130 965 3215 ipse
991 3131 1127 3199 volsus

65 3226 100 3279 rr
118 3216 188 3296 tur,
213 3214 353 3299 primam
379 3215 478 3282 iussit
504 3215 633 3300 expelli.
676 3214 791 3282 Vaoua
815 3221 887 3284 erut
912 3217 954 3283 ab
979 3216 1129 3286 hostibus

118 3302 204 3386 ripa,
226 3324 307 3388 quae
324 3304 508 3389 petebatur,
525 3303 646 3388 quippe
662 3302 768 3370 adhue
784 3304 888 3371 Porus
904 3304 1130 3375 Ptolemaeum

118 3393 247 3458 tantum
260 3391 456 3458 intuebatur.
496 3389 571 3458 Una
584 3409 662 3476 ergo
675 3392 761 3477 navi,
775 3414 872 3478 quam
885 3395 1000 3478 petrus
1011 3394 1131 3463 fluetus

104 3479 277 3568 r'nlr'serat,
307 3479 466 3548 haerente
493 3482 619 3547 eeteros
646 3480 799 3546 evadunt:
830 3501 983 3565 armaque
1015 3504 1132 3570 aspere

91 3568 225 3638 milites
248 3571 357 3642 stirs
379 3571 419 3640 in
441 3569 575 3639 ordines
597 3568 706 3636 iussit.
