2356 3846
132 157 165 224 Q.
184 157 295 214 GURTI
312 157 400 213 RUFI
417 155 671 212 HISTORIARUM
688 156 905 213 mundaum
922 157 957 228 V,
978 166 1002 214 1.
1033 159 1075 222 81

61 324 162 387 quam
190 323 288 367 onera
314 305 348 367 et
373 300 609 384 inpedimenta:
641 301 754 365 eadem
775 302 958 367 trahentem
980 302 1075 368 Alex-

45 390 215 473 andrum,
243 390 358 474 quibus
381 389 477 452 rebus
501 392 597 453 antea
619 390 763 473 vicisset,
790 391 974 456 inferiorem
996 392 1076 456 fore.

61 478 164 543 Plena
190 479 340 544 omnibus
363 477 597 561 desperationis
620 477 789 542 videbatur
812 480 929 564 oratio,
957 480 1110 565 quippe?

61 566 248 650 Babylona,
281 566 395 631 urbem
428 565 718 649 opulentissimam,
751 567 823 631 dedi
855 569 1075 633 cernentibus:

62 655 131 719 iam
154 652 249 738 Susa,
276 655 341 718 iam
365 658 471 718 uetera
495 658 682 718 ornamenta
704 655 809 739 regni,
836 677 967 721 oausam
989 657 1076 741 belli,

62 743 221 819 viatorem
243 746 482 826 occupaturum.
518 741 564 806 At
586 743 640 807 ille
663 743 776 807 dooere
797 743 903 828 pergit
920 765 987 808 non
1005 764 1110 829 spe-s

63 831 154 896 oiosa
180 831 280 916 dictu,
312 830 367 895 sed
394 852 456 895 usu
482 831 662 895 necessaria
684 832 719 894 in
741 833 837 897 rebus
860 832 1003 896 adversis
1027 854 1075 897 se·

62 918 192 1004 quenda
219 940 302 982 esse:
334 918 420 983 ferro
448 919 516 1004 geri
543 919 642 1002 bella,
673 941 739 983 non
763 942 855 1004 auro,
887 921 978 1003 viris,
1009 942 1076 986 non

62 1006 193 1071 urbium
215 1007 323 1072 testis:
347 1007 456 1071 omnia
479 1008 569 1090 sequi
588 1011 738 1072 armatos.
770 1006 823 1072 Sie
841 1009 980 1072 maiores
999 1029 1075 1073 suos

62 1096 227 1178 perculsos
254 1095 288 1159 in
314 1095 473 1178 principio
496 1117 603 1160 rerum
625 1096 770 1160 celeriter
792 1097 962 1180 pristinam
985 1119 1074 1180 repa·

63 1205 154 1247 rasse
176 1183 349 1248 fortunam.
385 1182 492 1267 igitur
513 1184 579 1249 sive
603 1184 801 1248 confirmatis
820 1206 930 1250 eorum
948 1184 1076 1268 animis,
1094 1203 1110 1252 9

62 1272 150 1423 {pugi
173 1272 344 1424 impprium
384 1272 488 1356 magis
525 1293 623 1424 ‹puam
659 1273 830 1337 eonsilium
867 1273 1075 1356 sequentibus

100 1381 117 1423 e
152 1381 189 1423 ae
257 1380 292 1423 es
389 1380 479 1424 essus
502 1381 561 1424 es.

27 1431 48 1494 2
153 1446 254 1513 Paulo
288 1380 388 1533 pdldtgr
393 1446 576 1511 Alexandro
609 1448 728 1512 Arbela
763 1449 949 1532 traduntur,
985 1450 1075 1534 regia
1095 1468 1128 1516 10

62 1536 263 1618 supellectile
297 1535 418 1619 ditique
450 1556 531 1619 gaza
554 1536 691 1619 repleta:
723 1555 774 1600 1111
801 1537 890 1601 milia
917 1537 1075 1601 talentum

61 1622 167 1707 fuere,
192 1625 358 1706 praeterea
379 1625 540 1707 pretiosae
562 1626 681 1706 vestes,
708 1625 822 1707 totius,
849 1629 887 1689 ut
909 1647 1007 1709 supra
1029 1625 1074 1688 di-

63 1714 153 1776 ctum
180 1715 244 1794 est,
276 1711 434 1776 exereitus
461 1712 577 1795 opibus
602 1712 749 1776 inillam
773 1713 880 1776 sedem
903 1714 1075 1797 congestis.

61 1798 293 1884 Ingruentibus
313 1800 427 1864 deinde
445 1801 576 1884 morbis,
598 1820 679 1884 quos
698 1799 777 1863 odor
791 1801 980 1867 cadaverum
993 1801 1073 1865 totis
1094 1818 1126 1867 11

60 1888 239 1952 iacentium
266 1888 617 1972 oampisvulgaverat,
645 1889 804 1952 maturius
832 1892 937 1952 castra
964 1889 1074 1953 movit.

62 1973 226 2040 Euntibus
249 1998 269 2040 a
290 1979 383 2059 parte
405 1977 497 2040 laeva
518 1981 585 2041 erat
597 1975 729 2062 Arabia,
751 1977 885 2042 odorum
906 1976 1075 2042 fertilitate

61 2063 184 2128 nobilis
207 2065 306 2148 regio.
338 2062 525 2146 Campestre
547 2068 607 2128 iter
630 2068 681 2128 est
702 2066 738 2129 iu
761 2071 843 2129 wau
861 2066 948 2129 inter
960 2064 1073 2149 Tigrin
1095 2083 1126 2131 12

62 2155 96 2215 et
119 2149 310 2235 Euphraten
331 2152 460 2235 iacenti,
480 2157 549 2216 tam
571 2152 663 2217 uberi
686 2156 718 2216 et
740 2153 862 2238 pingui,
885 2157 922 2217 ut
941 2175 960 2217 a
978 2157 1074 2236 pastu

61 2240 176 2322 repelli
204 2260 321 2325 peoora
348 2240 509 2318 dieantur,
543 2262 584 2304 ne
612 2240 745 2304 satietas
773 2242 918 2323 perimat.
969 2240 1074 2306 Causa

62 2327 242 2392 fertilitatis
274 2331 324 2392 est
353 2328 481 2403 humor,
513 2329 569 2412 qui
601 2350 640 2391 ex
671 2332 807 2412 utroque
834 2351 927 2393 amne
955 2334 1075 2412 manat,

61 2418 135 2481 toto
158 2416 225 2480 fere
247 2416 317 2481 solo
339 2419 471 2499 propter
492 2437 590 2481 venas
613 2438 769 2501 aquarum
791 2417 970 2481 resudante.
1006 2415 1074 2499 Ipsi
1095 2433 1126 2482 13

63 2525 177 2568 amnes
213 2525 252 2568 ex
286 2503 459 2567 Armeniae
493 2504 657 2568 montibus
688 2504 853 2587 profluunt
886 2526 923 2568 ao
954 2524 1073 2588 magno

63 2591 179 2658 deinde
207 2612 362 2677 aquarum
394 2591 546 2656 divortio⁴
562 2593 637 2673 iter,
669 2592 755 2674 quod
786 2595 973 2676 coeperunt,
1005 2612 1074 2674 per-

62 2682 212 2744 currunt:
235 2697 260 2744 11
274 2680 364 2743 milia
386 2683 419 2742 et
441 2680 619 2763 quingenta
641 2679 747 2743 stadia
770 2681 890 2744 emensi
912 2683 996 2762 sunt,
1020 2680 1075 2764 qui

63 2768 301 2851 amplissimum
321 2767 527 2831 intervallum
550 2768 633 2832 eirea
646 2767 819 2832 Armeniae
837 2771 964 2831 montes
982 2772 1074 2832 nota·

63 2859 189 2920 verunt.
233 2854 323 2920 Idem
346 2877 419 2920 eum
441 2854 566 2919 Mediae
589 2852 622 2919 et
639 2854 878 2938 Gordyaeorum
900 2859 1003 2920 terras
1026 2877 1073 2920 se·
1094 2870 1128 2919 14

62 2965 138 3008 aare
161 2946 344 3026 coeperunt,
365 2944 522 3027 paulatim
544 2944 579 3006 in
602 2944 702 3007 artius
725 2947 842 3007 coeunt
864 2947 904 3026 et,
927 2965 990 3027 quo
1005 2944 1074 3008 lon-

63 3032 138 3117 gius
165 3035 314 3115 manant,
342 3031 403 3097 hoo
432 3031 600 3116 angustius
627 3031 713 3095 inter
740 3052 774 3095 se
801 3032 942 3114 spatium
968 3035 1074 3097 terrae

62 3121 280 3204 relinquunt·
302 3118 410 3185 Vicini
437 3121 574 3183 maxime
602 3123 677 3183 suut
699 3120 735 3182 in
757 3120 891 3203 campis,
923 3140 1003 3202 quos
1026 3122 1127 3184 iii-15

62 3209 153 3274 oolae
185 3206 453 3291 Mesopotamiam
485 3209 661 3291 appellant:
694 3207 832 3271 mediam
863 3229 1002 3292 namque
1033 3208 1074 3272 ab

62 3300 201 3379 utroque
224 3297 323 3360 latere
345 3296 488 3360 eludunt.
530 3294 620 3360 Idem
643 3317 700 3379 per
720 3293 972 3380 Babyloniorum
995 3297 1073 3360 fines

62 3384 99 3447 in
125 3384 259 3449 rubrum
278 3405 364 3447 mare
382 3384 580 3466 inrumpunt.
617 3382 800 3447 Alexander
817 3385 939 3467 quartis
959 3385 1073 3448 eastris
1094 3399 1127 3448 16

63 3472 105 3537 ad
128 3471 264 3536 Mennin
286 3471 398 3536 urbem
420 3472 575 3554 pervenit.
620 3469 766 3536 Caverna
787 3472 834 3535 ibi
856 3476 922 3552 est„
950 3494 993 3534 eu
1011 3494 1080 3549 uua

62 3559 136 3624 fons
161 3561 327 3644 ingentem
357 3560 529 3629 bituminis
556 3561 629 3631 uiua
654 3560 814 3645 edundis,
842 3559 929 3623 adso
951 3559 999 3615 uu
1020 3553 1110 3611 sans

106 3661 199 3702 Curuus
211 3663 293 3705 Rufus.
944 3661 966 3706 a,
