2356 3846
274 167 531 225 HISTORIARUM
550 168 765 224 ALEXANDRI
783 169 817 241 X,
836 174 860 225 5.
1015 169 1081 235 273

59 310 170 403 Vigor
201 314 271 381 eius
302 318 337 380 et
367 314 478 380 vultus
506 314 671 379 educentis
699 314 734 379 in
760 315 921 399 proelium
948 315 1081 401 milites,

62 402 245 471 obsidentis
267 403 380 487 urbes,
405 403 570 468 evadentis
593 403 628 467 in
651 423 775 489 muros,
794 404 896 469 fortes
915 404 1002 470 viros
1020 426 1080 489 pro

63 493 216 559 annona
239 492 391 559 donantis
414 491 627 558 occurrebant
644 492 757 557 oculis.
788 493 872 558 Tum
890 492 1081 559 Macedones
1102 504 1136 553 11

67 576 192 648 divinos
223 581 365 647 honores
396 600 533 666 negasse
566 582 596 646 ei
622 581 812 665 paenitebat
839 582 1022 668 impiosque
1049 585 1083 647 et

68 666 213 758 ingratos
231 668 332 736 fuisse
351 691 386 735 se
405 669 652 754 confitebantur,
671 670 757 754 quod
776 692 869 736 aures
889 671 958 737 eius
972 671 1083 737 debita

30 742 286 845 lbappellationc
311 758 530 825 fraudassent.
575 757 621 824 Et
647 780 720 825 cum
747 758 803 824 diu
825 761 968 825 nuncin
990 782 1084 826 vene

72 849 204 934 ratione,
229 868 316 913 nune
342 847 378 912 in
404 847 565 914 desiderio
592 848 680 935 regis
708 848 904 934 haesissent,
935 850 970 913 in
992 849 1083 933 ipsos

72 954 159 1005 versa
176 936 348 1003 miseratio
370 939 430 1003 cst.
466 935 656 1002 Macedonia
672 936 813 1019 profecti
830 938 919 1003 ultra
935 937 1084 1022 Euphra·
1103 949 1137 998 12

73 1024 122 1093 len
141 1028 179 1093 in
197 1025 312 1091 mediis
332 1025 483 1091 hostibus
500 1046 622 1091 novum
640 1025 814 1111 imperium
833 1027 1083 1111 aspernantibus

70 1110 241 1181 destitutos
269 1135 305 1180 se
327 1135 397 1179 esse
420 1115 609 1200 cernebant,
636 1115 705 1179 sine
728 1119 818 1181 certo
841 1116 928 1201 regis
951 1115 1083 1181 herede:

67 1199 155 1281 [sine
185 1203 305 1270 herede
338 1203 449 1289 regui]
482 1203 630 1288 publicas
666 1204 753 1269 vires
785 1204 826 1271 ad
858 1227 893 1270 se
924 1226 1084 1290 quemque

16 1294 20 1299 ’
62 1290 255 1360 hamum.
303 1289 399 1358 Bella
434 1291 548 1357 deinde
581 1293 702 1377 civilia,
738 1314 820 1378 quae
853 1299 965 1359 secuta
998 1297 1138 1380 sunt,13

56 1383 231 1449 mentibus
254 1381 511 1467 augurabantur:
538 1381 670 1463 iterum,
696 1402 765 1448 non
788 1382 827 1447 de
841 1392 952 1469 'reguo
975 1382 1084 1467 Asiae,

54 1471 121 1537 ssd
148 1470 190 1537 de
215 1491 293 1558 rege
319 1470 401 1556 ipsis
429 1471 622 1555 sanguinem
649 1491 719 1535 esse
746 1471 960 1556 fundendum,
989 1473 1083 1537 novis

49 1559 254 1627 vulneribm
272 1562 398 1625 veteres
416 1558 614 1643 rumpendas
633 1560 812 1625 cicatrices:
831 1582 934 1647 senes,
951 1560 1084 1645 debiles,
1104 1570 1138 1619 14

52 1648 163 1717 modo
182 1648 287 1735 petite
303 1648 458 1714 missione
476 1669 498 1714 α
515 1649 603 1714 iusto
621 1669 709 1735 rege,
726 1669 812 1714 nunc
830 1649 1005 1715 morituros
1023 1671 1083 1733 pro

51 1738 215 1817 potentia
253 1737 394 1803 forsitan
431 1737 584 1803 satellitis
626 1737 761 1803 alicuius
797 1738 963 1824 ignobilis.
1012 1737 1083 1802 Has
1104 1748 1138 1797 15

52 1827 284 1915 cogitationes
315 1826 522 1891 volventibus
554 1848 620 1892 nox
649 1827 836 1910 supervenit
862 1830 1084 1912 terroremque

58 1916 165 1983 auxit
214 1914 338 1981 Milites
360 1915 396 1981 in
419 1915 519 1981 armis
541 1915 737 2001 vigilabant:
764 1914 939 2001 Babylonii
962 1916 1084 1981 aliuse

58 2006 182 2091 muris,
210 2005 294 2070 alius
322 2005 464 2070 culmine
491 2004 541 2069 sui
569 2004 706 2089 quisque
728 2005 807 2069 tecti
829 2004 1085 2090 prospectabant
1171 2068 1173 2073 .

62 2097 330 2250 rotasse
349 2092 1085 2267 tt2‘1...l.⁶.ltt⁹.}3:tlttt?lttlt
1105 2104 1140 2153 ¹⁶

63 2292 226 2358 vocesque
245 2271 378 2336 auribus
406 2270 584 2355 captabant
611 2293 648 2336 sc
672 2271 864 2356 plerumque
887 2294 971 2337 vano
995 2275 1085 2336 metu

63 2360 174 2427 territi
204 2380 263 2445 per
294 2360 450 2425 obscuras
483 2360 631 2442 semitas,
664 2360 748 2426 alius
780 2361 837 2426 alii
868 2363 1086 2446 occursantes,

64 2450 204 2517 invicem
227 2449 373 2533 suspecti
396 2470 434 2514 ac
457 2448 592 2514 solliciti
611 2447 809 2514 ferebantur.
844 2448 964 2514 Persae
983 2450 1084 2514 comis
1105 2461 1138 2511 17

65 2560 125 2605 suo
148 2558 241 2605 more
263 2537 408 2603 detonsis
430 2537 467 2602 in
484 2535 617 2622 lugubri
634 2540 725 2602 veste
743 2558 816 2602 cum
835 2538 1028 2623 coniugibus
1048 2559 1085 2603 ac

64 2628 178 2694 liberis
201 2648 266 2693 nou
286 2630 324 2692 ut
342 2626 497 2692 victorem
517 2629 551 2691 et
569 2624 666 2690 modo
684 2625 823 2712 hostem,
847 2626 902 2691 sed
921 2629 959 2692 ut
976 2627 1085 2712 gentis

65 2738 145 2783 auae
167 2715 384 2782 iustissimum
406 2735 518 2802 regem
540 2735 617 2780 vero
640 2714 800 2781 desiderio
818 2715 984 2801 lugebant.
1021 2714 1086 2780 Ad·

64 2806 153 2873 sueti
174 2805 237 2871 snb
259 2824 337 2891 rege
359 2804 468 2870 vivere
490 2825 557 2869 non
580 2803 694 2887 alium,
717 2804 774 2889 qui
796 2804 973 2890 imperaret
995 2803 1086 2888 ipsis,

14 2876 55 2957 l'i
63 2894 250 2982 digniorem
266 2893 368 2959 fuisse
387 2893 632 2959 confitebantur.
667 2890 738 2957 Nec
756 2894 856 2958 muris
872 2893 963 2958 urbis
977 2893 1084 2958 luctus
1106 2902 1139 2953 18

64 2983 311 3068 continebatur,
339 2983 396 3048 sed
421 2982 605 3067 proximam
631 2981 799 3066 regionem
822 2982 863 3047 ab
892 3003 944 3067 ea,
971 2981 1085 3046 deinde

65 3092 222 3159 magnam
240 3075 370 3157 partem
392 3070 492 3136 Asiae
515 3073 562 3136 cis
584 3069 780 3155 Euphraten
802 3071 882 3136 mali
905 3071 994 3135 fama
1013 3092 1085 3154 per·

64 3164 208 3229 vaserat.
252 3159 306 3226 Ad
334 3159 434 3226 Darei
461 3181 589 3245 quoque
614 3163 755 3224 matrem
782 3161 931 3226 celeriter
956 3160 1086 3244 perlata
1106 3171 1139 3222 19

65 3254 128 3317 est.
173 3249 332 3315 Abscissa
354 3269 432 3336 ergo
455 3253 557 3333 veste,
586 3268 651 3334 qua
673 3248 788 3314 induta
808 3253 893 3334 erat,
914 3248 1086 3334 lugubrem

65 3339 211 3425 sumpsit
227 3338 440 3423 laceratisque
459 3338 603 3403 crinibus
622 3337 714 3403 humi
728 3359 844 3423 corpus
859 3338 988 3404 abiecit.
1020 3336 1086 3402 Ad·
1105 3349 1140 3399 20

65 3428 198 3496 sidebat
220 3427 252 3501 ei
273 3427 379 3494 altera
401 3449 440 3493 ex
461 3426 615 3513 neptibus
636 3448 739 3511 nuper
763 3429 919 3493 amissum
936 3426 1086 3509 Hephae-

65 3518 224 3602 stionem,
251 3516 302 3582 cui
323 3519 494 3605 nupserat,
516 3517 636 3605 lugens
655 3516 881 3603 propriasque
901 3534 1023 3579 causas
1038 3514 1103 3604 §s-

56 3606 142 3671 lorr's
162 3605 198 3668 r'n
222 3607 390 3674 communi
414 3608 592 3678 maestitia
614 3607 845 3677 retractabat.
879 3600 960 3668 beu
978 3597 1174 3657 omnm

102 3713 200 3758 mmm
211 3716 296 3762 nana.
949 3702 991 3749 ᾗ
