2356 3846
131 164 171 228 76
501 163 533 228 Q.
552 162 662 218 coam
679 161 766 217 RUFI
851 224 854 229 ,
922 178 925 183 ·

110 309 256 391 vitaret:
294 307 347 375 sed
381 308 524 372 eminens
556 327 650 370 curru
676 306 820 371 nondum
848 328 977 371 omnem
1004 328 1135 371 suorum

129 397 229 462 aciem
251 396 374 478 proelio
395 394 599 460 excedentem
617 393 788 459 destituere
806 394 1023 479 erubescebat,
1046 395 1135 459 dum-

129 506 190 569 que
225 483 311 547 inter
347 505 436 566 spem
470 487 504 548 et
539 483 792 565 desperationem
826 482 979 566 haesitat,
1016 484 1136 547 sensim

76 595 108 642 31
128 570 244 636 Persae
267 572 422 636 cedebant
444 574 477 635 et
494 572 682 636 laxaverant
700 571 836 635 ordines
866 569 1049 635 Alexander
1067 593 1136 635 mu·

128 663 197 724 tato
221 681 315 743 eque,
338 660 455 743 quippe
476 660 585 742 plures
607 658 813 742 fatigaverat,
838 659 1059 722 resistentium
1082 659 1136 723 ad·

76 769 109 817 32
129 769 221 812 versa
257 769 313 812 ora
348 748 502 832 fodiebat,
537 747 729 832 fugientium
760 750 860 831 terga.
904 744 1038 831 Iamque
1070 768 1138 812 non

128 857 252 921 pugna,
283 836 340 900 sed
366 836 476 900 caedes
504 840 585 918 erat,
617 856 689 900 cum
712 832 836 897 Dareus
859 856 985 918 quoque
1008 857 1138 900 currum

129 945 223 987 suum
244 924 280 987 in
301 922 413 1008 fugam
436 924 541 988 vertit.
584 921 747 987 Haerebat
767 923 799 985 in
821 922 922 1006 tergis
942 922 1139 1006 fugientium

128 1012 245 1094 victor,
268 1010 323 1076 sed
345 1013 551 1095 prospectum
573 1012 737 1076 oculorum
758 1010 860 1074 nubes
882 1009 1032 1095 pulveris,
1055 1033 1139 1095 quae

129 1098 170 1163 ad
202 1100 326 1163 caelum
357 1099 559 1182 efferebatur,
590 1099 783 1163 abstulerat:
820 1118 897 1182 ergo
927 1098 1014 1164 haud
1047 1121 1139 1164 secus

130 1209 227 1271 quam
249 1187 284 1250 in
306 1187 446 1251 tenebris
470 1187 632 1269 errabant,
654 1186 695 1249 ad
718 1205 833 1250 sonum
855 1189 951 1250 notae
973 1188 1062 1252 vocis
1082 1191 1140 1251 aut

78 1295 111 1344 33
130 1276 258 1359 signum
277 1274 410 1338 subinde
429 1278 589 1339 coeuntes.
618 1273 844 1339 Exaudiebant
857 1277 966 1338 tamen
984 1275 1139 1357 strepitus

68 1425 71 1432 ,
129 1362 340 1446 habenarum,
367 1362 486 1446 quibus
518 1363 593 1447 equi
623 1383 751 1426 currum
781 1362 934 1427 vehentes
962 1361 1140 1426 identidem

130 1450 393 1514 verberabantur:
411 1450 491 1514 haee
505 1451 574 1515 sola
586 1450 740 1535 fugientis
754 1450 892 1534 vestigia
905 1453 1039 1534 excepta
1053 1456 1139 1516 sunt

541 1605 618 1674 Gar.
640 1606 727 1673 XVI.

96 1734 110 1782 1
217 1713 264 1778 At
286 1715 320 1778 in
342 1715 433 1778 laevo
451 1711 662 1778 Macedonum
683 1733 782 1777 cornu
795 1710 1032 1797 -Parmenio,
1056 1714 1178 1779 sicut6

130 1804 205 1865 ante
228 1807 272 1867 est
292 1801 421 1885 dictum,
442 1801 592 1865 tuebatur
611 1837 652 1847 —-
671 1801 767 1884 longe
790 1800 854 1864 alia
872 1800 1002 1865 fortuna
1019 1803 1140 1866 utrius·

131 1911 191 1974 que
214 1890 317 1972 partis
338 1911 390 1954 res
414 1889 592 1973 gerebatur.
627 1887 777 1952 Mazaeus
799 1909 871 1952 cum
894 1888 983 1951 omni
1006 1910 1140 1954 suorum

131 1977 275 2060 equitatu
313 1977 516 2041 vehementer
550 1977 694 2040 invectus
731 1976 891 2060 urguebat
924 1975 1140 2042 Macedonum

96 2085 112 2133 2
132 2065 209 2128 alas.
249 2064 382 2149 Iamque
405 2063 572 2128 abundans
594 2063 799 2127 multitudine
823 2063 922 2127 aciem
945 2064 1140 2130 circumvehi

131 2155 293 2234 coeperat,
322 2173 394 2216 cum
417 2150 585 2216 Parmenio
612 2152 735 2235 equites
759 2151 908 2215 nuntiare
930 2151 1021 2216 iubet
1042 2152 1140 2218 Alex-

132 2239 246 2322 andro,
273 2240 307 2304 in
330 2261 393 2322 quo
418 2239 600 2304 discrimine
622 2240 685 2323 ipsi
707 2243 827 2303 essent:
858 2239 894 2302 ni
915 2242 1041 2304 mature
1064 2242 1140 2306 sub-

96 2347 112 2396 a
131 2328 305 2410 veniretur,
333 2349 400 2392 non
427 2348 521 2411 posse
547 2327 621 2392 sisti
646 2326 767 2412 fugam.
815 2326 885 2391 Iam
907 2328 1045 2392 multum
1067 2330 1142 2394 viae

130 2419 336 2498 praeceperat
365 2436 421 2480 rex
451 2415 612 2479 inminens
643 2414 836 2499 fugientium
866 2415 983 2499 tergis,
1018 2438 1093 2481 cum
1121 2439 1142 2481 a

134 2502 347 2568 Parmenione
383 2503 485 2567 tristis
518 2503 651 2568 nuntius
681 2503 779 2567 venit.
832 2501 1005 2566 Refrenare
1038 2525 1141 2590 equos

130 2591 226 2670 iussi,
257 2591 313 2674 qui
343 2591 553 2674 vehebantur,
584 2611 762 2675 agmenque
794 2591 940 2655 constitit
970 2590 1141 2657 frendente

131 2679 327 2761 Alexandro,
354 2680 434 2762 eripi
457 2679 519 2744 sibi
540 2678 708 2744 victoriam
731 2699 749 2743 e
771 2678 920 2743 manibus
943 2682 975 2742 et
997 2677 1141 2744 Dareum

96 2767 254 2834 4felicius
285 2767 396 2852 fugere
426 2789 523 2850 quam
550 2788 584 2831 se
610 2768 707 2850 sequi.
751 2765 885 2839 Interim
908 2765 948 2831 ad
971 2766 1139 2833 Mazaeum

132 2856 273 2937 superati
290 2856 376 2939 regis
394 2855 482 2918 fama
498 2857 692 2937 pervenerat
727 2852 849 2938 Itaque,
872 2876 1067 2938 quamquam
1084 2879 1140 2921 va-

131 2940 226 3006 lidior
254 2947 335 3026 erat,
366 2946 476 3007 tamen
501 2942 633 3007 fortuna
658 2942 799 3024 partium
825 2942 956 3006 territus
982 2945 1139 3024 perculsis

131 3029 315 3114 languidius
337 3031 488 3095 instabat.
528 3028 698 3094 Parmenio
719 3028 893 3113 ignorabat
915 3030 1044 3113 quidem
1066 3054 1139 3096 eau-

132 3139 202 3181 sam
229 3138 288 3182 sua
314 3121 428 3200 sponte
455 3137 581 3202 pugnae
602 3117 771 3201 remissae,
802 3117 858 3181 sed
880 3118 1048 3183 occasione
1072 3121 1140 3184 vin·

97 3224 114 3273 a
133 3204 225 3270 cendi
247 3208 376 3269 strenue
396 3209 447 3270 est
463 3227 550 3270 usus.
585 3204 758 3269 Thessalos
776 3205 899 3290 equites
918 3205 959 3270 ad
977 3227 1011 3270 se
1029 3207 1140 3272 vocari

131 3293 229 3358 iubet.
279 3291 419 3377 ‘Ecquid
448 3291 588 3377 videtis',
618 3291 740 3376 inquit,
772 3291 877 3376 istos,
908 3293 964 3377 qui
989 3293 1140 3360 ferociter

132 3381 229 3447 modo
255 3380 433 3460 instabant,
459 3381 573 3464 pedem
598 3378 716 3445 referre
743 3380 850 3445 subito
876 3402 995 3464 pavore
1018 3386 1140 3466 perter-

122 3468 236 3533 ritos?
276 3467 440 3534 Nimirum
470 3469 564 3534 nobis
595 3488 721 3552 quoque
752 3469 838 3553 regis
870 3469 975 3534 nostri
1005 3470 1140 3536 fortuna

110 3553 196 3617 aare
247 3555 368 3624 Omnia
388 3557 569 3626 Persarum
596 3554 694 3624 caede
716 3559 820 3622 emata
839 3561 927 3622 sunt.
966 3556 1053 3633 Quid
1073 3580 1140 3624 ces·
