2370 3834
262 173 518 237 1111111111
534 180 803 256 1111111111,
823 190 848 240 a.
868 190 893 240 s.
1015 180 1082 251 283

57 323 244 410 premebat,
267 329 304 391 ut
327 326 527 411 opprimeret
549 328 723 394 incautum.
761 328 852 416 Ergo
876 329 961 395 clam
985 339 1082 416 quos·

58 413 137 502 dem
158 426 198 479 ex·
217 415 328 499 copiis,
346 416 463 501 quibus
481 420 641 502 praeerat,
660 419 860 505 subornavit,
877 422 916 484 ut
930 450 971 466 *-
987 419 1082 505 quasi

52 502 232 590 ·ignoraret
257 503 329 588 ipse
354 540 393 551 -
424 510 696 590 conquererentur
724 508 849 593 palam,
878 507 1081 594 Meleagrum

59 595 238 678 1111111111
260 612 331 659 esse
353 593 535 661 Perdiccae.
572 593 717 672 Quorum
744 616 893 663 sermone
915 594 1116 684 Meleagere

58 679 103 746 ad
131 694 167 746 se
192 682 295 748 relato
326 681 437 748 furens
465 683 515 748 ira
543 683 730 769 Perdiccae,
762 707 844 771 quae
872 686 1082 771 conperisset,

57 769 202 856 exponit.
248 770 311 837 llle
338 773 428 837 velut
449 792 534 838 nove
551 793 587 838 re
607 775 779 840 exterritus
799 775 966 859 admirari,
989 775 1082 860 queri

57 857 266 944 dolentisque
298 861 439 946 speciem
466 865 630 928 ostentare
654 863 683 928 ei
711 864 832 947 coepit:
865 863 907 929 ed
928 863 1081 929 ultimum

56 947 225 1034 convenit,
252 951 291 1015 ut
321 949 659 1037 conprehenderentur
690 955 759 1017 tam
792 952 966 1018 seditiosae
991 953 1080 1017 vocis

58 1039 221 1103 auctores.
261 1037 342 1124 Agit
363 1037 530 1125 Meleager
552 1041 674 1125 gratias
699 1041 929 1127 amplexusque
952 1041 1080 1107 Perdic-
1101 1052 1135 1101 10

57 1144 133 1191 cam
165 1126 264 1192 fidem
298 1127 368 1193 eius
399 1128 435 1194 in
467 1148 502 1195 se
535 1150 572 1195 ac
604 1129 859 1196 benivolentiam
897 1129 1082 1196 conlaudat.

57 1213 145 1280 Tum
176 1216 341 1282 communi
369 1218 505 1283 consilio
538 1219 700 1285 rationem
732 1219 936 1305 opprimendi
965 1218 1080 1285 noxios
1101 1229 1133 1279 11

57 1303 183 1370 ineunt.
214 1304 329 1370 Placet
350 1305 529 1371 exercitum
550 1308 659 1392 patrio
682 1328 774 1375 more
796 1309 931 1375 lustrari
954 1312 988 1374 et
1010 1328 1081 1392 pro-

57 1392 180 1459 babilis
213 1414 311 1459 eausa
342 1393 515 1460 videbatur
545 1397 725 1480 praeterita
757 1396 928 1464 discordia.
978 1397 1134 1464 Mace-12

58 1480 181 1548 donum
216 1503 310 1568 reges
347 1482 395 1548 ita
436 1484 576 1549 lustrare
614 1484 705 1552 soliti
746 1491 840 1553 erant
876 1486 1014 1573 milites,
1045 1489 1083 1551 ut

57 1569 215 1655 discissae
238 1571 328 1636 canis
352 1572 478 1638 viscera
500 1572 616 1640 ultimo
640 1573 675 1638 in
697 1596 827 1660 campo,
852 1575 887 1640 in
911 1596 1008 1660 quem
1031 1574 1082 1640 de·

58 1658 230 1726 duceretur
253 1661 426 1746 exercitus,
450 1662 493 1727 ab
516 1665 653 1748 utraque
677 1663 842 1729 abicerent
864 1667 971 1750 parte,
994 1663 1083 1728 intra

58 1747 94 1814 id
117 1748 259 1835 spetlum
282 1750 402 1815 armati
424 1768 537 1816 omnes
560 1754 701 1837 starent,
725 1752 803 1817 hinc
826 1753 964 1838 equites,
986 1751 1080 1817 illinc

10 1836 213 1924 l9phalanr.
261 1837 377 1924 Itaque
409 1860 447 1904 eo
481 1839 546 1924 dle,
579 1860 676 1926 quem
707 1840 783 1906 huic
814 1860 906 1907 sacro
939 1839 1081 1906 destina·
1101 1851 1135 1901 11

58 1931 187 2012 vemt,
220 1937 277 1993 rex
309 1946 382 1992 eum
416 1928 578 2013 equitibus
610 1928 859 2015 elephantisque
891 1929 1082 1996 constiterat

58 2019 175 2082 eontra
196 2015 336 2101 pedites,
359 2017 432 2102 quis
455 2014 622 2104 Meleager
643 2022 803 2102 praeerat.
838 2017 910 2084 Iam
933 2021 1080 2104 equestre
1101 2028 1136 2078 14

58 2122 180 2191 agmen
203 2106 396 2171 mouebatur
417 2107 450 2171 et
472 2105 613 2192 pedites,
636 2107 745 2172 subita
767 2107 942 2174 formidine
967 2108 1010 2172 ob
1032 2127 1080 2172 re-

58 2198 188 2261 centem
219 2192 416 2268 discordiam
451 2194 539 2260 haud
571 2217 648 2261 sane
680 2196 789 2281 pacati
822 2196 996 2282 quiequam
1029 2216 1082 2260 ex-

58 2285 239 2368 pectantes,
265 2297 442 2369 parumper
468 2283 712 2365 addubitarem,
740 2304 784 2352 an
809 2285 845 2350 in
871 2286 985 2351 urbem
1009 2284 1083 2350 sub-

57 2372 214 2439 ducerent
240 2372 365 2456 copias:
397 2371 517 2458 quippe
543 2395 604 2458 pro
633 2374 799 2460 equitibus
824 2374 978 2459 planities
1002 2376 1082 2439 erat.

60 2459 214 2528 Ceterum
236 2461 347 2545 ueriti,
372 2483 413 2527 ne
435 2465 558 2528 temere
582 2464 844 2528 commilitonum
871 2462 968 2528 fidem
992 2462 1135 2527 dam-15

58 2555 189 2633 nerent,
217 2549 392 2616 substitere
418 2552 622 2636 praeparatis
648 2551 688 2616 ad
712 2550 930 2617 dimicandum
955 2550 1082 2634 animis,

60 2639 186 2724 siquis
210 2640 277 2705 v‘im
299 2638 442 2704 inferret.
479 2640 549 2705 Iam
573 2640 706 2725 agmina
729 2641 862 2706 coibant
881 2637 1081 2724 parvumque

58 2729 269 2795 intervallum
311 2733 393 2813 erat,
435 2729 522 2814 quod
564 2728 666 2794 aciem
705 2732 878 2815 utramque
915 2727 1081 2795 divideret.

57 2816 175 2904 Itaque
201 2830 259 2883 rex
287 2838 361 2883 cum
388 2838 454 2882 una
482 2818 535 2883 ala
564 2817 754 2903 obequitare
776 2818 940 2902 peditibus
964 2816 1136 2902 coepit,1e

60 2905 241 2973 discordiae
265 2911 428 2992 auctores,
452 2928 533 2992 quos
554 2908 639 2972 tueri
657 2908 727 2993 ipse
745 2906 898 2990 debebat,
922 2906 1082 2972 instinctu

58 2988 232 3062 Perdiccae
252 2996 292 3062 ad
311 2996 471 3082 supplicia
490 2997 680 3082 deposcens:
700 2996 949 3079 minabaturque
969 3016 1082 3062 omnes

58 3088 184 3150 turmas
217 3104 291 3150 cum
324 3085 506 3169 elephantis
534 3080 741 3151 inducturum
772 3106 806 3151 se
828 3084 864 3149 in
886 3087 1083 3151 recusantes.

59 3172 246 3260 Stupebant
275 3174 441 3259 inproviso
473 3174 560 3241 malo
593 3175 720 3260 pedites
752 3194 812 3240 nec
842 3174 917 3258 plus
945 3173 981 3239 in
1007 3174 1081 3258 ipso
1101 3185 1135 3234 17

57 3260 228 3348 Meleagro
250 3265 322 3328 erat
345 3266 402 3328 aut
424 3263 552 3329 consilii
575 3266 632 3328 aut
655 3263 765 3328 animi.
802 3254 1018 3329 Tutissimum
1042 3284 1082 3327 ex

58 3352 286 3438 praesentibus
310 3351 481 3417 ridebatur
504 3354 674 3436 expectare
697 3352 807 3436 potius
830 3370 929 3438 quam
952 3370 1082 3418 mouere

57 3440 235 3507 iomanem.
285 3438 370 3506 Tum
400 3440 566 3524 Perdicca,
599 3443 637 3505 ut
662 3443 829 3525 torpentes
860 3444 893 3507 et
923 3439 1080 3507 obnoxios
1102 3450 1136 3500 11

59 3529 157 3616 vidit,
185 3538 250 3596 cdd
271 3530 352 3615 fere,
380 3531 436 3617 qul
465 3528 672 3619 Meleagrum
693 3533 927 3614 erumpentem
948 3550 997 3588 ax
1016 3546 1107 3614 erm.-⁸

56 3617 157 3703 ticne,
187 3630 272 3704 qens
292 3621 408 3706 prima
430 3621 556 3691 habita
578 3624 635 3692 eat
656 3620 912 3710 postmortem
930 3601 1140 3670 ens-uam.
