2356 3846
224 159 478 215 HISTORIARUM
495 159 712 215 ALEXANDRI
729 161 783 230 Ill,
801 166 896 217 8-10.
1029 159 1069 225 19

55 306 121 388 rat,
147 306 197 387 ut,
226 308 382 387 quantiam
408 307 533 388 posset,-
560 324 677 389 agmen
706 305 746 368 ad
769 325 857 368 mare
880 305 1071 390 extenderet,

50 406 121 476 'quo
143 391 273 476 longius
296 393 423 457 abesset
441 393 525 458 acies
543 391 716 476 montibus,
739 414 819 477 quos
837 395 1071 476 occupaverant

55 479 195 544 barbari.
227 479 274 544 At
294 480 343 544 illi
364 501 469 564 neque
489 481 618 545 obstare
636 481 839 545 venientibus
857 502 918 546 nec
935 481 1068 545 circum·
1088 502 1121 551 11

55 569 103 631 ire
139 572 394 653 praetergressos
431 568 501 633 ausi
522 567 736 633 ‚funditorum
767 570 905 633 maxime
937 573 1069 653 aspectu
1124 565 1129 576 '

55 655 161 719 territi
183 656 396 742 profugerant
413 676 514 741 eaque
532 677 584 721 res
597 655 780 720 Alexandro
802 660 910 721 tutum
930 657 1069 743 agminis

55 744 157 826 latus,
206 744 282 827 uod,
313 764 355 808 ne
378 765 514 827 superne
536 743 760 828 incesseretur,
785 745 952 830 timuerat,
979 766 1069 828 prae·

57 831 151 895 stitit.
184 766 280 916 lxxx
307 836 340 896 et
367 831 430 897 duo
458 835 654 897 armatorum
678 832 805 896 ordines
827 832 934 916 ibant,
965 855 1069 917 neque
1089 853 1123 904 12

57 919 146 983 enim
168 919 265 984 latius
288 920 416 984 extendi
434 921 535 984 aciem
553 920 760 1003 patiebantur
778 920 957 1005 angustiae.
988 919 1070 985 Pau·

55 1007 150 1070 latim
174 1006 287 1071 deinde
309 1008 416 1072 laxare
440 1028 509 1072 sese
532 1008 622 1072 sinus
644 1009 803 1072 montium
826 1012 858 1072 et
876 1009 979 1072 maius
998 1031 1069 1092 spa·

56 1095 140 1158 tium
172 1095 295 1177 aperire
327 1100 511 1179 coeperant,
542 1097 590 1161 ita
615 1099 653 1160 ut
679 1117 747 1160 non
772 1096 869 1179 pedes
892 1097 997 1161 solum
1020 1119 1069 1161 or·

56 1181 312 1351 dine'tdtiielere'
342 1184 397 1248 sed
425 1183 522 1249 etiam
548 1184 703 1249 lateribus
726 1184 937 1249 circumfundi
959 1188 1070 1268 posset

57 1290 132 1353 equi
205 1291 228 1334 ι.
258 1291 263 1298 ·

490 1427 569 1495 Ore.
591 1428 630 1494 X.

10 1530 47 1598 25
147 1533 217 1599 Iam
243 1534 279 1600 in
306 1538 492 1618 conspectu,
521 1534 577 1598 sed
600 1538 691 1599 extra
712 1535 770 1599 teli
792 1535 911 1600 iactum
933 1539 1069 1620 utraque
1089 1558 1103 1607 1

58 1623 145 1687 acies
167 1626 250 1707 erat,
281 1644 354 1687 cum
383 1624 505 1706 priores
528 1620 645 1686 Persae
668 1621 869 1688 inconditum
891 1627 924 1687 et
945 1628 1069 1690 trucem

58 1711 216 1775 sustidere
234 1710 415 1775 clamorem.
450 1709 607 1774 Redditur
625 1714 657 1774 et
671 1733 690 1774 a
703 1709 944 1794 Macedonibus,
966 1713 1104 1783 maiore

58 1798 215 1863 exercitus
237 1818 381 1883 numero,
402 1798 487 1882 iugis
509 1798 668 1862 montium
686 1797 848 1883 vastisque
867 1800 1003 1864 saltibus
1021 1821 1068 1864 re·

57 1907 241 1970 percussus:
273 1887 390 1970 quippe
418 1906 543 1968 semper
566 1886 768 1951 circumiecta
789 1908 923 1952 nemora
944 1891 1068 1971 petrae-

58 1996 134 2060 que,
175 1976 465 2058 quantamcumque
506 1993 655 2057 accepere
689 1995 815 2058 vocem,
854 1976 1068 2059 multiplicato

57 2082 140 2126 sono
166 2062 319 2126 referunt.
354 2057 537 2126 Alexander
557 2066 632 2128 ante
649 2064 755 2147 prime
773 2064 866 2150 signa
879 2064 957 2148 ibat,
978 2063 1103 2133 iden-e

56 2151 157 2214 tidem
184 2171 283 2214 manu
305 2170 379 2214 suos
401 2149 566 2233 inhibens,
591 2172 633 2215 ne
657 2155 805 2234 suspensi
826 2153 931 2216 acrius
955 2153 997 2216 ob
1019 2153 1068 2216 ni·

56 2239 156 2302 mium
178 2237 420 2303 festinationem
442 2238 603 2304 concitato
622 2238 736 2324 spiritu
756 2243 959 2326 capesserent
975 2262 1068 2325 proe-

55 2326 145 2390 lium.
190 2323 334 2409 Cumque
356 2324 478 2411 agmini
500 2326 714 2411 obequitaret,
735 2331 825 2394 varia
847 2329 1009 2412 oratione,
1030 2331 1104 2398 ute

56 2414 211 2497 cuiusque
247 2413 363 2478 animis
400 2418 512 2498 aptum
549 2418 631 2499 erat,
673 2416 791 2481 milites
827 2416 1068 2500 adloquebatur.

55 2501 259 2586 Macedones,
280 2505 331 2567 tot
352 2503 510 2568 bellorum
531 2504 567 2567 in
589 2502 722 2588 Europa
742 2507 894 2587 victores,
918 2506 958 2569 ad
982 2506 1068 2570 subi·

56 2589 197 2675 gendum
218 2591 332 2655 Asiam
354 2594 450 2675 atque
473 2591 587 2656 ultima
609 2592 764 2677 Orientis,
786 2615 853 2658 non
875 2594 977 2677 ipsius
1000 2615 1067 2658 ma·

55 2679 122 2763 gis,
152 2700 249 2762 quam
272 2699 330 2743 suo
353 2679 451 2743 ductu
473 2679 622 2764 profecti,
643 2681 839 2746 inveteratae
860 2681 989 2745 virtutis
1012 2681 1067 2746 ad·

54 2767 281 2832 monebantur.
324 2765 402 2832 Illos
431 2771 589 2832 terrarum
616 2769 704 2833 orbis
725 2769 927 2834 liberatores:
960 2789 1102 2840 emen-e

55 2875 172 2937 sosque
204 2855 282 2919 olim
309 2854 457 2920 Herculis
490 2858 523 2919 et
551 2854 660 2921 Liberi
688 2858 797 2941 patris·
815 2858 971 2922 terminos
998 2879 1067 2923 non

53 2940 163 3008 Parsis
183 2943 291 3026 modo,
316 2943 491 3009 sedetiam
514 2945 664 3011 omnibus
687 2946 836 3030 gentibus
858 2945 1066 3030 imposituros

52 3031 191 3184 ffi
204 3030 793 3186 &trististristis
809 3032 1066 3188 {illutus

53 3207 181 3291 aperiri.
225 3141 357 3272 Nobqin
379 3209 560 3292 praeruptis
582 3211 682 3294 petris
705 3173 887 3294 lllyriorum
910 3214 943 3273 et
964 3209 1064 3274 'Phra-
1084 3233 1099 3281 6

53 3297 124 3361 eiae
146 3297 231 3361 saxis
254 3295 395 3360 sterilem
416 3296 560 3362 laborem
581 3297 661 3380 fore,
682 3299 787 3382 spolia
805 3300 905 3363 totius
923 3296 1064 3364 Orientis

53 3384 172 3450 offerri.
222 3382 288 3447 Vix
314 3383 422 3469 gladio
448 3385 592 3450 futurum
619 3406 714 3471 opus,
743 3391 847 3452 totam
875 3387 975 3450 aciem
1005 3408 1064 3451 suo

51 3493 173 3556 pavore
196 3471 407 3537 fluctuantem
428 3473 621 3538 umbonibus
643 3495 740 3558 posse
761 3475 906 3559 propelb.
949 3472 1064 3537 Victor
1082 3494 1098 3541 r

53 3561 95 3624 ad
130 3561 210 3625 haec
239 3559 489 3627 Atheniensium
520 3559 698 3650 Philippus
732 3567 830 3648 pater
861 3559 1092 3689 torpetem

903 3663 927 3708 u
