2356 3846
124 147 190 214 232
497 148 528 214 Q.
548 148 658 205 CURTI
675 148 762 206 RUFI

121 298 156 360 et
178 291 294 359 cilicia
316 293 474 358 inundata
496 314 609 358 cruore
631 292 803 358 Persarum
826 297 860 359 et
882 292 1019 378 Arbela,
1044 295 1123 360 cuius
1172 266 1176 365 t

68 398 104 447 24
122 383 229 466 campi
256 382 452 446 devictorum
481 383 617 447 anobis
640 380 767 447 ossibus
796 383 893 447 strati
921 387 1006 448 sunt.
1055 380 1124 448 Sero

120 470 267 535 hostium
295 470 440 554 legiones
466 491 635 537 numerare
662 470 828 555 coepistis,
855 474 1032 556 postquam
1060 472 1125 536 soli·

119 558 266 623 tudinem
295 559 329 623 in
358 558 438 623 Asia
465 559 620 624 vincendo
643 557 775 624 fecistis.
820 556 902 624 Oum
929 580 989 643 per
1010 557 1126 625 Helles·
1174 564 1176 569 '

119 651 256 730 pontum
278 647 518 732 navigaremus,
539 647 579 712 de
600 647 763 731 paucitate
787 648 901 712 nostra
922 647 1127 731 cogitandum
1174 684 1176 695 =

119 734 195 800 fuit:
226 757 311 801 nunc
337 757 397 801 nos
421 733 562 820 Scythae
591 739 782 820 sequuntur,
809 734 987 801 Bactriana
1014 736 1128 801 auxilia

120 827 251 906 praesto
280 827 368 908 sunt,
395 823 508 889 Dahae
536 822 755 908 Sogdianique
781 823 868 889 inter
894 846 955 889 nos
979 824 1129 889 militant

69 927 102 977 aa
121 910 190 977 Nec
208 916 318 978 tamen
336 912 386 976 illi
404 913 518 978 turbae
536 913 671 978 confido.
706 911 844 978 Vestras
863 934 979 978 manus
998 912 1129 997 intueor,
1137 913 1164 979 10

120 1006 263 1066 vestram
289 1002 442 1067 virtutem
470 1023 592 1085 rerum,
620 1022 700 1086 quas
728 1005 881 1085 gesturus
911 1016 999 1086 sum,
1023 1001 1131 1068 vadem

120 1089 333 1175 praedemque
355 1090 480 1155 habeor
509 1088 669 1166 Quamdiu
692 1089 859 1155 vobiscum
881 1090 917 1154 in
939 1090 1009 1154 acie
1034 1091 1131 1174 stabo,

120 1199 180 1242 nee
207 1179 271 1242 mei
298 1200 357 1243 nec
383 1178 527 1244 hostium
556 1177 715 1242 exercitus
746 1198 889 1244 numero.
935 1176 1007 1253 Vos
1041 1177 1130 1243 modo

121 1267 247 1331 animos
278 1267 361 1330 mihi
391 1267 505 1351 plenos
538 1266 717 1333 alacritatis
745 1287 783 1331 ac
809 1265 947 1331 fiduciae
975 1264 1131 1331 adhibete.

68 1371 102 1420 ac
121 1354 196 1419 Non
218 1355 254 1419 in
276 1355 388 1420 limine
411 1375 544 1439 operum
567 1355 778 1438 laborumque
800 1359 1003 1433 nostrorum,
1028 1355 1132 1420 sedin

122 1444 209 1507 exitu
228 1446 361 1508 stamus.
392 1442 600 1509 Pervenimus
620 1443 661 1507 ad
680 1444 758 1508 solis
778 1445 885 1508 ortum
903 1446 937 1507 et
955 1441 1130 1509 Oceanum:

121 1531 184 1595 nisi
207 1531 318 1596 obstat
340 1532 481 1616 ignavia,
504 1531 577 1596 inde
600 1531 741 1597 victores
770 1530 953 1615 perdomito
979 1531 1047 1597 fine
1075 1535 1131 1595 ter

121 1641 231 1684 rarum
264 1626 462 1685 revertemur
493 1620 528 1685 in
558 1620 709 1703 patriam.
762 1618 887 1703 Nolite,
924 1619 1012 1704 quod
1049 1619 1131 1706 pigri

122 1709 283 1792 agricolae
296 1708 434 1791 faciunt,
451 1712 595 1773 maturos
610 1708 733 1773 fructus
747 1730 806 1792 per
819 1708 970 1772 inertiam
986 1708 1131 1773 amittere

69 1813 103 1863 27
123 1817 139 1859 e
154 1797 312 1861 manibus.
347 1796 474 1862 Maiora
489 1800 565 1861 sunt
577 1796 727 1881 periculis
741 1796 898 1880 praemia:
917 1795 1008 1862 dives
1023 1797 1131 1861 eadem

123 1889 156 1949 et
175 1885 304 1949 inbellis
324 1889 373 1949 est
391 1886 492 1970 regio.
532 1884 647 1970 Itaque
669 1907 734 1949 non
757 1887 825 1949 tam
848 1884 888 1949 ad
911 1884 1055 1969 gloriam
1078 1906 1131 1950 vos

123 1973 213 2057 duco,
237 1995 334 2057 quam
358 1974 398 2038 ad
416 1974 579 2056 praedam.
619 1973 720 2057 Digni
742 1974 836 2054 cetis,
859 1973 915 2057 qui
938 1994 1032 2059 opes,
1057 1994 1132 2057 quas

13 2098 14 2103 κ
122 2061 203 2125 illud
217 2084 306 2126 mare
324 2062 474 2127 litoribus
493 2061 626 2144 invehit,
644 2060 792 2125 referatis
811 2063 846 2125 in
866 2060 1017 2144 patriam,
1036 2061 1132 2148 digni,

122 2151 178 2234 qui
199 2150 281 2214 nihil
305 2151 521 2234 inexpertum,
543 2149 627 2214 nihil
650 2154 738 2214 metu
758 2149 915 2214 omissum
933 2148 1132 2235 relinquatis

69 2251 103 2300 28
121 2236 183 2301 Per
205 2259 263 2302 vos
287 2239 488 2323 gloriamque
511 2241 663 2321 vestram,
687 2259 750 2322 qua
768 2237 946 2302 humanum
962 2235 1133 2324 fastigium

122 2326 283 2409 exceditis,
298 2348 420 2410 perque
439 2330 472 2391 et
490 2349 562 2391 mea
580 2326 614 2390 in
632 2347 690 2392 vos
707 2331 741 2391 ct
758 2326 794 2389 in
811 2347 863 2389 me
882 2329 992 2390 vestra
1002 2329 1134 2411 merita,

123 2415 239 2499 quibus
262 2415 376 2481 invicti
399 2416 634 2498 contendimus,
657 2436 714 2480 oro
738 2434 936 2498 quaesoque,
958 2435 1000 2478 ne
1024 2415 1135 2481 huma·

121 2526 237 2570 narum
263 2526 371 2570 rerum
402 2506 558 2570 terminos
586 2502 758 2568 adeuntem
785 2502 953 2566 alumnum
980 2504 1135 2569 commili-

70 2605 103 2654 29
123 2596 296 2677 tonemque
314 2597 468 2676 vestrum,
485 2615 526 2658 ne
541 2593 646 2657 dicam
670 2612 794 2676 regem,
817 2589 982 2656 deseratis.
1019 2589 1136 2659 (latera

122 2683 215 2747 vobis
238 2683 410 2766 imperavi,
432 2683 494 2746 hoc
516 2704 617 2746 unum
640 2679 807 2744 debiturus
835 2701 916 2743 sum.
955 2678 1056 2745 Etis
1080 2702 1135 2747 vos

122 2790 217 2855 rogo,
246 2772 301 2854 qui
328 2770 412 2834 nihil
435 2790 588 2853 umquam
610 2768 703 2871 vobis
726 2767 887 2869 praecepi,
910 2766 989 2869 quin
1011 2769 1136 2851 primus

122 2855 1045 3029 ttptttttgt'tttttrtttttttisttttdjtt
1060 2879 1138 3012 ee

124 3035 226 3099 culam
245 3033 459 3117 Liberumque
477 3030 621 3115 Patrem,
641 3032 669 3097 si
687 3033 809 3097 invidia
827 3032 958 3113 afuerit,
980 3035 1139 3118 aequabo.

71 3134 105 3184 30
123 3122 208 3188 Date
230 3118 293 3186 hoe
314 3122 463 3205 precibus
491 3121 571 3185 meis
594 3123 628 3186 et
656 3121 788 3185 tandem
811 3120 1012 3186 obstinatum
1042 3124 1139 3189 silen-
1174 3116 1176 3157 ³

123 3211 207 3276 tium
229 3210 375 3291 rumpite.
411 3208 479 3274 Ubi
502 3212 552 3273 est
574 3209 630 3274 ille
649 3208 783 3293 elamor,
806 3209 986 3275 alacritatis
1007 3216 1140 3279 vestrae

123 3296 240 3364 index?
263 3297 320 3361 ubi
343 3298 399 3362 ille
418 3317 563 3362 meorum
581 3296 794 3362 Macedonum
816 3298 948 3362 vultus?
985 3296 1067 3365 Non
1086 3300 1140 3367 ad·

170 3408 244 3455 osco
277 3407 348 3465 vos,
387 3385 522 3468 milites,
557 3407 617 3452 nec
650 3384 802 3470 adgnosci
838 3385 950 3451 videor
981 3408 1002 3451 a
1034 3390 1140 3457 vobis

142 3477 242 3544 undas
259 3474 450 3543 iamdudum
474 3495 567 3539 aures
590 3474 699 3558 pulso,
722 3495 852 3539 aversos
877 3474 1005 3540 animos
1031 3480 1068 3542 et
1093 3478 1139 3545 in·

42 3573 81 3622 31
97 3564 233 3637 fractos
248 3568 395 3639 excitare
411 3561 534 3637 conor’.
567 3562 716 3648 Cumque
732 3561 786 3626 illi
799 3561 840 3625 in
852 3564 981 3624 terram
992 3563 1141 3630 demissis
1146 3560 1169 3628 ll
