2356 3846
221 135 476 193 HISTORIARUM
493 136 710 193 ALEXANDRI
727 136 816 208 VIIII,
835 143 860 193 9.
880 145 921 194 10.
1007 138 1074 203 253

54 283 229 365 narentur,
254 281 373 367 ignari,
395 280 516 347 famem
539 285 572 347 et
593 282 713 347 ultima
735 282 866 347 sibimet
886 283 1073 348 ominaban-

56 373 124 435 tur.
159 368 282 435 Beluae
299 391 426 455 quoque
444 370 595 436 fluctibus
613 371 788 435 destitutae
801 371 963 437 terribiles
976 392 1074 455 vaga-

10 458 47 525 l'l
58 459 190 525 bantur.
234 457 368 543 Iamque
396 480 460 524 uox
486 459 660 543 adpetebat
682 462 716 524 et
737 479 849 544 regem
871 481 998 544 quoque
1022 460 1074 525 de·
1093 472 1127 521 23

59 546 206 631 operatio
239 547 355 612 salutis
391 547 594 632 aegritudine
629 547 800 613 adfecerat.
855 547 931 613 Non
965 555 1076 614 tamen

58 635 219 700 invictum
241 636 384 701 animum
407 658 502 702 curae
525 636 676 721 obruunt,
698 636 776 720 quin
798 640 871 702 tota
891 641 986 702 nocte
1004 657 1075 721 per·

59 723 182 791 uideret
224 723 259 789 in
295 724 435 807 speculis
475 724 664 810 equitesque
704 726 928 808 praemitteret
964 725 1005 790 ad
1039 748 1075 791 os

60 811 181 896 amuis,
216 815 266 895 ut,
296 833 370 878 curu
402 834 492 878 mare
523 835 635 878 rursus
673 817 859 878 exaestuare
892 814 1076 897 sensissent,

59 899 300 985 praecederent.
347 900 490 988 Navigia
523 923 649 986 quoque
681 906 715 966 et
745 902 890 968 lacerata
926 902 1015 967 refici
1043 906 1075 967 et
1094 912 1129 961 24

60 1008 177 1055 avorsa
203 989 353 1055 fluctibus
381 991 464 1075 erigi
485 991 576 1055 iubet
598 994 795 1074 paratosque
820 1012 890 1055 esse
913 995 947 1055 et
969 991 1075 1055 inteu-

59 1080 128 1161 toe,
164 1098 238 1143 oum
272 1099 384 1144 rursus
420 1100 509 1143 mare
544 1082 648 1143 terrm
679 1078 877 1144 inundasset.
925 1078 1009 1144 Tota
1038 1100 1076 1145 ea
1094 1088 1129 1138 25

60 1168 158 1231 nocte
180 1166 417 1252 inter‘vigilias
445 1167 751 1251 adhortationesque
778 1171 971 1250 consumpta
994 1167 1076 1232 cele·

60 1255 143 1319 riter
170 1258 205 1319 et
226 1254 351 1340 equites
378 1255 506 1341 ingenti
530 1277 625 1321 cursu
647 1256 794 1341 refugere
817 1260 850 1320 at
873 1260 1001 1321 secutus
1025 1260 1077 1321 est

39 1418 42 1423 .
61 1345 182 1409 aestus.
219 1342 281 1419 Qui
299 1344 405 1427 primo
425 1345 517 1428 aquis
536 1344 602 1409 leni
618 1347 727 1409 tractu
741 1345 953 1409 subeuntibus
969 1344 1077 1428 coepit

10 1506 12 1521 Ε
59 1431 170 1497 leuare
186 1431 328 1517 navigia,
349 1454 426 1501 mox
445 1433 524 1497 totis
542 1433 664 1515 campis
682 1432 846 1497 inundatis
866 1434 966 1498 etiam
983 1434 1075 1516 iupu-

59 1519 102 1585 lit
123 1519 273 1587 classem.
312 1519 452 1586 Plausus
477 1520 619 1585 militum
640 1521 907 1605 nauticorumque
930 1522 1075 1604 inspera-
1095 1531 1128 1582 26

59 1610 132 1673 tam
158 1608 298 1675 salutem
323 1608 496 1675 immodico
522 1609 755 1674 celebrantium
782 1609 899 1693 gaudio
922 1610 1076 1674 litoribus

58 1694 208 1782 ripisque
225 1698 407 1763 resonabat.
438 1696 533 1762 Unde
549 1701 679 1762 tantum
697 1697 835 1762 redisset
852 1698 960 1762 subito
979 1719 1077 1779 mare,

59 1806 126 1869 quo
145 1785 249 1869 pridie
267 1785 456 1870 refugisset,
479 1806 638 1870 quaenam
656 1790 743 1850 esset
761 1785 904 1850 eiusdem
924 1786 1077 1850 elementi

56 1876 190 1958 natura,
212 1873 309 1939 modo
342 1874 477 1959 discors,
509 1875 605 1940 modo
637 1874 772 1957 imperio
804 1877 988 1958 temporum
1020 1874 1076 1939 ob·

56 1961 174 2045 noxia,
205 1962 391 2027 mirabundi
412 1964 627 2048 requirebant.
661 1961 732 2026 Rex
755 1983 829 2027 oum
854 1983 893 2026 ex
916 1984 968 2044 eo,
991 1961 1077 2046 quod
1095 1972 1129 2021 2⁷

58 2048 238 2135 accideret,
261 2050 458 2117 coniectaret
475 2055 552 2136 post
569 2051 648 2117 solis
672 2054 780 2115 ortum
803 2053 926 2115 statum
946 2053 1076 2133 tempus

59 2158 148 2223 ease,
174 2138 283 2205 media
307 2143 418 2223 nocte,
444 2144 482 2205 ut
508 2144 632 2205 aestum
658 2141 842 2222 occuparet,
870 2160 942 2203 cum
965 2139 1076 2222 paucis

57 2225 205 2313 navigiis
232 2227 373 2294 secundo
401 2249 494 2293 amne
520 2227 661 2293 defluxit.
710 2227 915 2311 Evectusque
943 2248 979 2292 os
1008 2227 1077 2292 eius

60 2331 152 2383 cccc
176 2315 284 2381 stadia
304 2317 464 2399 processit
485 2317 521 2382 in
543 2338 646 2400 mare,
673 2315 807 2381 tandem
829 2315 900 2380 voti
923 2316 974 2379 sui
992 2337 1077 2380 com·

58 2425 138 2489 pos:
159 2403 427 2489 praesidibusque
449 2408 483 2469 et
504 2405 604 2470 maris
627 2408 661 2469 et
683 2405 830 2470 locorum
851 2403 901 2468 dis
920 2403 1076 2469 sacrificio

59 2490 151 2559 facto
174 2492 217 2558 ad
239 2491 377 2557 classem
399 2491 506 2557 rediit.

469 2644 473 2653 ’
500 2648 580 2717 One.
602 2648 642 2716 X.

10 2756 52 2825 38
151 2756 240 2823 Hinc
261 2756 434 2822 advorsum
455 2757 576 2822 flumen
598 2756 686 2822 subit
709 2755 824 2820 classis
847 2758 881 2819 et
905 2755 1007 2820 altero
1026 2753 1077 2819 die
1097 2765 1111 2814 1

62 2846 201 2932 adpulsa
227 2848 278 2911 eat
304 2845 391 2910 haud
418 2846 531 2928 procul
558 2845 629 2909 lacu
658 2843 760 2927 salso,
792 2843 883 2908 ouius
911 2843 1078 2928 incognita

62 2938 182 3001 natura
216 2935 389 3019 plerosque
426 2933 552 3016 decepit
591 2936 714 2997 temere
750 2932 914 3017 ingressos
951 2953 1078 3014 aquam.

63 3022 191 3108 Quippe
223 3021 349 3088 scabies
381 3043 518 3106 corpora
550 3021 671 3093 inuasit
699 3022 732 3085 et
759 3021 946 3104 contagium
972 3020 1079 3085 morbi

64 3112 165 3177 etiam
196 3111 233 3177 in
264 3110 346 3176 alios
377 3111 548 3196 vulgatum
581 3113 639 3175 est.
689 3106 806 3175 Oleum
834 3108 977 3174 remedio
1006 3108 1078 3174 fuit.

62 3198 233 3267 Laonnato
264 3198 379 3264 deinde
410 3199 603 3283 praemisso,
635 3201 672 3262 ut
703 3200 819 3281 puteos
847 3198 986 3281 foderet,
1015 3208 1113 3281 quaa

62 3289 215 3355 terrestfi
226 3288 344 3354 itinere
359 3287 511 3353 ducturus
526 3287 702 3352 exercitum
715 3284 886 3351 videbatur
902 3322 940 3334 -
959 3286 1078 3371 quippe

63 3378 151 3445 sicca
173 3380 247 3444 orat
267 3377 357 3461 regio
379 3375 508 3460 -ipse
530 3397 603 3442 cum
627 3375 729 3459 copiis
752 3375 915 3459 substitit,
944 3396 1078 3439 vernum

63 3470 194 3551 tempus
213 3469 392 3550 expectans.
423 3463 560 3530 Interim
577 3467 611 3528 et
628 3464 726 3530 urbes
739 3464 916 3550 plerasque
926 3461 1088 3526 uendidit.

58 3552 210 3619 Narrabo
227 3556 327 3637 atque
342 3552 531 3623 Onesicrito
545 3555 706 3624 nauticas
717 3542 1152 3640 serpentismqesasaa
