2370 3834
414 188 706 254 1-25-

87 369 145 412 sua
178 347 315 434 coniuge
351 354 521 433 praesente
558 371 673 414 sanum
706 369 777 413 eum
809 345 928 432 gaudio
967 345 1105 431 suscepi.

86 434 150 502 Sed
173 437 329 503 detenta
352 440 490 526 coniuge
513 437 696 522 stupefacta
724 437 929 501 decreveram
950 435 1017 499 iam
1039 457 1105 501 uua

87 547 160 590 eum
192 526 323 611 iisdem,
361 528 461 612 quod,
492 526 558 592 nisi
588 526 705 591 fuisset
736 525 926 590 mandatum
957 526 1105 589 vestrum

86 619 156 679 tam
179 616 299 680 seriose
321 616 404 681 mihi
426 615 564 700 factum,
585 637 752 699 nunquam
771 613 870 679 alicui
888 612 1013 678 viventi
1034 612 1104 677 eius

57 703 308 769 seondieionem
332 709 365 770 et
388 709 539 770 eventum
560 705 611 770 rei
633 703 802 788 dixissem,
829 702 885 768 sed
908 701 945 766 in
967 723 1103 786 pauper·

85 796 155 857 tate
174 796 208 857 et
225 794 264 858 de
281 794 450 859 laboribus
468 815 624 859 manuum
641 815 787 857 mearum
805 792 930 856 vietum
950 811 1104 874 quaerere

86 882 302 966 cogitavimus
326 883 367 948 ad
389 887 539 967 tempora
560 883 649 948 vitae
671 879 826 946 nostrae'.

174 970 358 1055 Imperator
385 994 462 1037 vero
490 972 529 1037 de
556 973 659 1036 tantis
687 974 721 1035 et
750 970 873 1035 talibus
898 967 1103 1033 sermonibus
1113 971 1147 1038 3}

86 1059 224 1124 multum
257 1059 456 1145 stupefactus
489 1064 523 1125 et
552 1061 640 1125 ultra
668 1081 766 1144 quam
793 1058 882 1123 credi
913 1060 1024 1141 potest
1051 1057 1105 1121 ad·

46 1171 71 1211 ro
85 1148 207 1212 mirans
236 1149 295 1213 ait:
329 1149 385 1214 ‘Er
414 1149 576 1233 quomodo
604 1152 715 1234 potest
741 1149 805 1212 iste
832 1146 920 1211 filius
948 1167 1039 1211 meus
1070 1149 1105 1210 et

86 1258 182 1319 quem
207 1238 315 1322 ipsum
343 1237 383 1301 de
410 1238 503 1302 vobis
530 1236 722 1322 generavil'
766 1234 950 1321 Respondit
976 1233 1105 1300 Helena

85 1326 207 1392 dicens:
245 1325 397 1393 ‘Domine
428 1326 605 1409 imperator
634 1327 756 1412 viginti
787 1326 882 1391 annis
918 1324 1038 1408 elapsis
1071 1326 1105 1387 et

86 1415 226 1498 amplius
258 1437 322 1480 uno
356 1415 481 1480 dierum
508 1435 569 1501 ego
602 1437 675 1480 eum
703 1415 799 1480 soeiis
827 1414 923 1497 meis,
952 1436 1036 1498 quae
1063 1412 1104 1476 ad

85 1504 200 1568 urbem
223 1503 351 1569 Roman
373 1504 520 1570 venimus
549 1504 591 1569 ad
613 1503 812 1568 visitandum
839 1503 955 1568 limina
978 1505 1105 1568 saneto·

45 1613 71 1654 rs
84 1614 171 1676 rum,
193 1593 333 1657 transivi
355 1615 413 1677 per
434 1596 569 1676 pontem
593 1592 720 1657 Tiberis
744 1596 779 1657 et
796 1592 889 1657 vobis
909 1613 948 1656 ex
967 1591 1104 1656 adverso

85 1702 158 1745 eum
181 1681 380 1747 satellitibus
402 1682 522 1746 vestris
544 1681 691 1748 venienti
712 1703 789 1746 eesu
807 1680 1016 1745 occurrebam
1033 1701 1105 1744 vos·

85 1789 147 1853 que
180 1770 294 1834 statim
325 1770 434 1835 missis
468 1770 664 1854 quibusdam
696 1793 736 1835 ex
769 1768 888 1834 vestris
924 1767 1104 1833 mandastis

69 1857 208 1941 'hospiti
234 1879 307 1924 meo
335 1881 388 1924 me
415 1863 488 1924 tum
515 1859 645 1942 penitus
677 1859 884 1944 ignorantem
915 1861 953 1922 ut
980 1879 1033 1922 me
1065 1857 1104 1921 de

84 1946 229 2031 hospitio
261 1969 320 2013 suo
351 1970 419 2013 non
451 1948 633 2013 dimitteret
665 1948 735 2031 sed,
767 1947 868 2012 donee
899 1946 1105 2031 propositum

42 2039 228 2100 rovestrum
261 2037 299 2101 de
333 2059 384 2102 me
417 2041 611 2120 conceptum
643 2037 841 2119 expleretur,
874 2034 959 2119 apud
990 2056 1024 2100 se
1056 2055 1104 2098 re·

84 2124 215 2188 tineret.
254 2124 384 2210 Hospes
411 2147 489 2190 vero
513 2129 664 2211 suscepto
688 2124 842 2189 mandato
872 2123 1037 2208 imperiali
1060 2122 1106 2187 di·

85 2213 194 2277 missis
218 2215 291 2279 aliis
316 2215 474 2280 consociis
497 2215 579 2279 meis
601 2237 653 2279 me
676 2213 812 2278 retinuit
831 2213 962 2278 etmihi
981 2212 1105 2276 furtum

84 2302 254 2368 cuiusdam
281 2304 330 2368 rei
358 2327 450 2388 suae,
479 2326 576 2388 quam
604 2304 667 2368 sibi
695 2302 839 2366 furatam
867 2301 1019 2383 asseruit,
1046 2300 1105 2365 im-

84 2413 209 2473 ponens
229 2392 267 2456 de
285 2391 431 2476 hospitio
452 2414 510 2457 suo
529 2393 678 2458 recedere
696 2412 764 2456 non
781 2390 939 2474 permisit.
971 2388 1105 2473 Vosque

41 2500 71 2541 rs
86 2483 183 2563 capta
201 2482 448 2564 opportunitate
468 2482 509 2546 ad
532 2482 618 2546 idem
641 2480 822 2564 hospitium
841 2478 977 2544 venistis
1001 2482 1034 2542 et
1052 2499 1106 2542 me

84 2569 315 2652 pauperculam
337 2570 417 2635 flore
439 2570 616 2654 pudicitiae
639 2590 730 2635 meae
755 2572 870 2633 eontra
897 2588 1026 2632 omnem
1049 2589 1105 2632 vo·

84 2657 245 2722 luntatem
259 2680 367 2722 meam
386 2662 420 2724 et
437 2659 523 2724 sieut
541 2659 666 2742 placuit
685 2657 873 2722 denudastis
893 2660 927 2720 et
945 2656 1105 2720 violenter

84 2747 304 2829 oppressistis.
340 2747 386 2812 Et
408 2747 592 2832 insignum
616 2747 703 2831 quod
721 2746 832 2811 omnia
853 2746 920 2809 ista
937 2767 1015 2810 vera
1038 2745 1106 2808 sint

85 2855 157 2898 ecee
189 2835 345 2899 annulum
376 2840 536 2919 vestrum,
570 2857 644 2901 eece
675 2835 843 2901 humerale
877 2837 1104 2899 ornamentum

42 2943 70 2983 eo
83 2923 268 3006 imperiale,
296 2947 376 3008 quas
400 2947 452 2989 res
474 2925 510 2990 in
537 2925 748 2990 defloratione
771 2946 846 2989 mea
868 2923 949 2988 mihi
972 2923 1105 2987 amaris-

85 3012 166 3077 sime
189 3012 280 3077 flenti
305 3017 338 3078 et
362 3012 401 3077 de
424 3016 613 3098 perpetrata
636 3013 722 3079 eirea
744 3036 797 3078 me
817 3012 955 3077 nimium
980 3011 1106 3076 dolenti

85 3102 226 3186 quedam
249 3102 372 3187 pietate
397 3106 504 3167 motus
530 3102 693 3167 tribuistis
718 3107 752 3167 et
775 3125 855 3186 quas
879 3099 966 3185 apud
990 3122 1041 3164 me
1069 3100 1105 3164 in

159 3336 191 3385 10
206 3332 303 3400 potest
316 3331 371 3387 iste
385 3332 424 3398 D,
442 3330 497 3386 iste
512 3331 610 3401 potest
623 3330 660 3385 F.
731 3336 762 3386 15
777 3329 884 3399 tyberis
898 3331 937 3397 D,
951 3327 1051 3383 tiberis
1067 3327 1102 3382 F.

44 3404 46 3409 ’
84 3408 119 3458 20
139 3402 174 3456 de
193 3418 238 3456 me
257 3403 299 3469 D,
319 3403 354 3458 de
372 3421 401 3457 m
420 3403 456 3458 F.
550 3407 583 3457 25
604 3401 795 3472 oportunitate
815 3403 891 3458 codd.
983 3406 1017 3454 26
1036 3398 1104 3453 flore

84 3475 177 3542 codd„
196 3475 313 3542 fortasse
329 3476 501 3532 scribendum
520 3479 571 3530 est:
590 3472 621 3526 in
639 3472 715 3526 flore.
785 3558 788 3564 ἱ
808 3480 842 3530 30
860 3470 948 3526 miehi
966 3471 1006 3537 1),
1025 3465 1051 3521 n’r
1067 3469 1106 3523 F.
