2356 3846
111 158 150 212 IV
513 154 723 210 palaemo.

111 258 213 355 Berirb.
230 306 299 355 1870
312 317 339 368 p.
355 302 416 379 312:
438 297 569 352 ‘fortasse
587 298 612 352 is
631 315 728 353 verum
746 299 941 379 adsequatur,
954 298 1003 366 qui
1021 299 1128 368 ubique

111 369 218 426 codicis
232 369 320 425 Paris.
335 368 472 424 leotroncs
486 369 622 440 praefert:
640 387 720 437 nam,
740 371 772 423 ut
786 369 856 438 quid
870 372 990 424 sentiam
1004 369 1127 440 ingenue

110 442 251 512 profitear,
266 441 354 497 codex
363 438 450 495 Paris.
465 440 591 496 melioris
605 439 716 511 generis
731 439 855 495 detemus
866 441 1015 510 exemplar,
1031 443 1128 498 arche-

110 515 200 582 typon
214 514 309 567 autem
323 512 404 567 codd.
424 513 459 566 B.
472 512 508 566 F.
520 513 554 566 L.
571 513 602 566 V.
622 511 771 566 deterioris
790 511 901 581 generis
919 511 1020 568 melius
1035 530 1128 568 exem-

110 584 174 654 plar
206 603 221 638 r
257 586 418 639 raesentare
450 583 522 637 mihi
554 583 687 638 videtur’.
730 582 936 638 Gratulandum
963 587 1061 638 tamen
1084 588 1128 640 est

109 655 155 709 his
174 601 289 722 studiis,
314 655 390 723 quod
408 654 462 710 viri
481 671 606 709 summac
625 654 655 708 in
678 653 817 709 eiusmodi
834 655 918 709 rebus
938 655 1128 724 auctoritatis,

109 726 160 781 Ed.
180 727 260 781 Woe
282 725 407 780 fflinus
427 728 457 781 et
474 726 507 780 A.
527 725 675 795 Hugius,
694 724 851 781 identidem
869 726 1023 781 monitores
1042 728 1127 782 exsti·

72 813 76 820 ·
109 799 217 865 terunt,
236 814 272 852 nc
290 797 444 852 immodica
462 799 537 852 esset
556 797 661 862 codicis
675 795 798 851 Parisini
815 799 848 851 ut
861 796 928 851 libri
942 815 1031 868 nuper
1044 799 1129 867 qnasi

108 867 214 939 reperti
227 867 387 924 admiratio.
424 869 607 924 Metuendum
621 868 697 923 enim
711 885 778 923 sane
797 870 870 936 erat,
890 867 915 922 si
934 869 1056 924 editores
1076 870 1127 925 illo

109 939 183 995 libro
198 956 228 995 se
237 939 325 995 nimio
336 940 431 995 studio
441 939 625 1008 addixissent,
640 955 676 994 ne
686 941 909 1008 corrumperetur
919 940 1031 1009 saepius
1042 958 1130 1009 quam

109 1012 306 1066 emendaretur
330 1011 361 1077 Q.
389 1010 469 1066 Curti
494 1010 593 1066 oratio.
636 1010 726 1076 Quam
749 1011 925 1065 considerate
950 1011 980 1065 in
1007 1011 1128 1082 singulis

108 1080 180 1137 locis
199 1081 383 1138 emendandis
403 1082 528 1138 codicem
546 1082 629 1136 illum
647 1099 700 1152 ego
720 1081 912 1149 adhibuerim,
933 1082 1054 1138 aliorum
1072 1084 1129 1138 erit

108 1152 247 1215 1111111111
261 1172 350 1215 unum
362 1171 420 1218 nou
431 1153 534 1214 dubito
547 1153 663 1221 testam,
679 1170 788 1209 summa
800 1153 938 1223 religione
951 1171 997 1213 me
1012 1171 1128 1236 operam

110 1224 235 1292 (11111111,
254 1227 287 1280 ut
304 1243 340 1284 ne
356 1242 405 1293 ca,
426 1226 560 1293 quamde
575 1224 707 1284 universa
719 1223 843 1285 Parisini
856 1225 911 1285 tide
926 1243 1127 1296 concepissem,

109 1295 205 1366 omnio
228 1295 258 1351 in
277 1295 397 1366 singulis
416 1295 486 1355 locis
506 1295 692 1351 discutiendis
715 1312 759 1357 me
782 1295 890 1352 faceret
907 1296 1024 1365 reliquis
1043 1297 1128 1354 bonis

109 1366 254 1427 mdioibus
273 1365 449 1436 nunonem

179 1437 282 1498 Restat
299 1440 332 1495 ut
346 1439 386 1499 de
402 1435 598 1503 iadnoutione
613 1438 723 1501 cntira’
740 1455 813 1508 quiae
827 1439 1009 1507 subsequitur
1026 1441 1128 1509 paucis

50 1534 54 1538 ·
110 1509 264 1567 1111111111.
297 1509 341 1565 Ne
358 1525 409 1567 eno
429 1508 568 1578 scidulas,
586 1527 644 1575 non
662 1511 722 1569 tam
736 1509 990 1580 ,grammaticorum
1008 1511 1129 1568 criticen

109 1579 299 1645 exercentium
322 1597 408 1650 quam
430 1580 572 1636 vanorum
593 1581 733 1637 lectorum
750 1580 1004 1648 nordemanne,
1029 1581 1129 1638 inutili

109 1651 262 1711 lectorium
270 1651 416 1722 farragine
424 1655 615 1720 onerarentur,
629 1651 794 1712 manifestas
802 1651 984 1711 librariorum
993 1652 1126 1722 ineptias,

109 1722 134 1778 si
147 1722 263 1792 quidem
277 1741 367 1793 aeque
380 1724 541 1785 necessaria
554 1723 715 1783 emendatio
731 1725 816 1792 atque
830 1723 963 1793 expedita
977 1741 1039 1780 esse
1048 1725 1127 1780 vide-

107 1795 204 1862 batur,
233 1793 347 1853 silentio
372 1795 519 1865 passura,
547 1795 584 1851 iis
610 1795 660 1864 qui
684 1794 757 1857 talia
780 1797 880 1857 emant
903 1795 1072 1864 Zumptiana
1097 1800 1128 1852 et

107 1865 285 1923 Hedickiana
303 1866 477 1932 editionibus
496 1866 566 1927 satis
584 1866 745 1927 consultum
763 1882 824 1921 esse
839 1865 1002 1923 arbitratus.
1030 1866 1056 1920 A
1069 1885 1128 1935 qua

107 1936 218 1993 ratione
242 1937 267 1995 si
290 1937 336 1992 hic
358 1937 420 1997 iilic
444 1936 574 2004 discessi,
596 1936 706 1992 antid
728 1936 800 1996 nihi
820 1937 964 2005 volebam,
993 1940 1026 1992 ut
1048 1939 1128 1994 certa

107 2008 273 2067 mendorum
291 2025 396 2078 genera
414 2008 544 2068 codicum
558 2007 756 2065 Curtianorum
769 2007 890 2071 maxime
903 2008 1019 2078 proprie
1033 2026 1127 2064 exem-

107 2078 163 2148 plis
187 2081 329 2147 notarem,
354 2081 405 2137 aut
424 2078 594 2142 dubitabam
616 2080 653 2132 de
671 2079 834 2148 propositae
853 2079 1060 2135 emendationis
1080 2082 1127 2136 vel

107 2149 278 2207 necessitate
297 2149 343 2205 vel
355 2149 570 2220 probabilitate.
598 2148 790 2208 librariorum
808 2150 839 2204 in
858 2151 1017 2220 regionum,
1037 2169 1127 2220 popu·

107 2221 206 2290 lorum,
221 2221 367 2281 bominum
380 2220 542 2279 nominibus
556 2219 760 2276 hanelationes
774 2237 889 2290 perraro
899 2222 1020 2292 exempli
1029 2224 1128 2292 gratia

108 2292 250 2348 adnotavi.
292 2293 332 2349 Ut
356 2291 399 2348 ita
420 2309 465 2348 me
487 2291 673 2359 continerem,
696 2308 754 2351 non
776 2293 861 2347 mode
884 2292 977 2361 operis
1001 2295 1128 2363 suscepti

106 2363 181 2419 ratio
209 2381 306 2421 verum
329 2381 364 2421 ea
385 2380 497 2432 quoqne
520 2362 621 2434 religio
644 2380 690 2418 me
712 2362 813 2430 morit,
838 2380 873 2418 ne
897 2363 928 2417 in
949 2363 1127 2434 Hedickii,

107 2435 162 2490 riri
185 2434 355 2502 doctissimi,
383 2435 511 2504 collegae
533 2433 685 2502 carissimi,
709 2451 829 2499 messem
847 2434 988 2505 imnpisse
1006 2435 1126 2492 viderer.

108 2506 161 2561 Cui
174 2523 208 2562 eo
227 2506 320 2561 minus
339 2505 436 2561 decuit
453 2506 610 2574 quidquam
622 2505 755 2562 mavelle
770 2505 933 2572 subducere,
953 2523 1009 2574 quo
1023 2508 1126 2577 magis,

108 2576 247 2647 quidquid
266 2578 301 2632 dc
321 2576 491 2647 optimorum
509 2577 648 2633 librorum
671 2576 840 2632 lectionibus
860 2577 1005 2646 cognitum
1022 2578 1126 2646 habeo,

106 2648 151 2703 illi
169 2647 348 2718 potissimum
365 2650 510 2718 receptum
528 2649 627 2706 refero.
655 2647 730 2704 Nam
748 2664 821 2716 quae
840 2647 891 2703 alii
905 2649 1033 2703 homines
1048 2650 1128 2706 docti

106 2723 172 2790 post
194 2718 328 2774 Hediekii
351 2719 506 2775 editionem
529 2738 553 2776 a.
580 2727 648 2776 1867
673 2719 804 2776 emissam
827 2737 843 2774 e
867 2719 956 2775 Curtii
980 2719 1127 2777 codicibus

106 2791 152 2846 vel
170 2790 281 2848 remora
298 2791 345 2845 vel
363 2809 438 2846 nova
455 2792 634 2860 protulerunt
652 2793 694 2861 (A.
713 2792 801 2860 Hug,
826 2793 946 2859 quaestt.
968 2791 1043 2846 Gurt.
1063 2792 1092 2846 P.
1114 2795 1128 2847 I

108 2869 191 2928 187ος
215 2861 318 2919 Philol.
337 2863 434 2919 xxxi.
455 2869 485 2929 23
511 2863 596 2919 index
614 2862 713 2932 philol.
731 2863 765 2916 Π.
785 2869 903 2931 lbosqq.
923 2863 969 2916 III.
990 2870 1041 2918 170
1050 2881 1126 2932 sqq.;

107 2932 238 2988 Bursiani
252 2933 346 2993 annal.
367 2941 436 2991 1873
450 2951 476 3003 p.
493 2940 544 2991 419
559 2937 625 3000 atc.;
644 2934 676 2989 A.
691 2933 854 3001 Eussner,
875 2949 947 3002 spec.
964 2933 1024 2988 orit.
1043 2941 1126 3001 18⁶&

108 3004 209 3059 Philol.
229 3003 339 3059 XXXII.
361 3012 499 3074 ltesqq.;
522 3005 559 3060 M.
578 3004 672 3074 Ring
690 3005 726 3059 de
745 3003 835 3060 Curtii
853 3005 935 3060 codd.
953 3005 1126 3074 Hungaricis

108 3083 190 3142 18733
210 3075 241 3130 O.
262 3075 447 3135 Schiissler
465 3077 500 3133 de
520 3075 611 3133 Curtii
628 3076 725 3132 codice
744 3075 897 3135 Oxoniensi
917 3082 1009 3146 1874),
1033 3094 1126 3146 neque

106 3147 150 3202 ita
166 3146 258 3203 multa
275 3151 356 3205 erant
373 3164 465 3218 neque
480 3149 517 3211 ad
530 3165 624 3205 meum
638 3166 719 3203 usum
733 3147 831 3217 magui
844 3147 987 3203 momenti.
1018 3147 1128 3212 Quodsi

107 3218 182 3274 infra
203 3218 315 3288 aliquot
335 3219 406 3275 locis
425 3218 512 3279 aliam
535 3224 621 3289 atque
638 3217 794 3275 Hedickius
816 3218 847 3274 iu
866 3218 991 3274 editione
1010 3237 1061 3273 sua
1080 3237 1126 3275 co-

108 3289 203 3345 dicum
222 3289 390 3360 scriptuxam
408 3290 560 3359 exhibebo,
578 3293 645 3362 peto
663 3307 699 3346 ne
717 3293 823 3345 11111111
838 3291 892 3346 hoc
906 3289 1031 3346 incuriae
1045 3308 1126 3348 meae

109 3361 276 3443 imputetur:
295 3362 433 3419 nonnulla
451 3362 527 3419 enim
546 3380 620 3419 nova
638 3362 669 3417 in
683 3361 876 3432 disputatione
891 3379 916 3416 a.
932 3369 1002 3419 1870
1016 3361 1127 3431 publici

103 3433 177 3510 iuras
196 3433 273 3488 facta
288 3434 409 3503 protulit
427 3433 477 3489 ille
490 3433 534 3489 vir
548 3433 741 3502 doctissimus,
761 3433 819 3489 alia
832 3433 909 3488 idem
922 3432 1126 3490 humanissime

82 3502 230 3562 privatim
243 3521 359 3560 mecum
375 3505 611 3576 communicarit,
664 3507 777 3563 aetctea
789 3505 882 3560 denuo
897 3521 1012 3559 excusso
1027 3505 1125 3562 codice

71 3563 226 3624 Bemensr'
239 3573 275 3630 A.
297 3577 416 3650 Hegias
438 3580 476 3637 de
496 3579 615 3651 aliquot
646 3578 707 3636 ocis
725 3575 904 3634 coornatione
920 3575 1027 3628 docuit.

134 3635 167 3687 Ε
182 3657 301 3713 mgna
320 3652 412 3723 copia
434 3654 700 3722 emendationum,
726 3665 801 3722 qnae
825 3663 895 3702 cum
908 3647 997 3702 antea
1014 3647 1082 3697 tum
1093 3646 1148 3697 1111
