2356 3846
112 145 177 210 130
480 147 512 212 Q.
532 145 641 202 CURTI
659 145 745 202 num

56 310 92 360 es
111 289 290 373 Praerupta
312 311 409 374 rupes
432 294 497 372 est,
524 311 588 373 qua
610 294 737 372 spectet
761 290 973 363 occidentem:
1001 289 1125 374 eadem,

110 401 175 463 qua
189 378 296 462 vergit
309 379 350 442 ad
365 378 532 462 orientem,
548 378 671 443 leniore
684 379 847 445 submissa
859 379 995 464 iastigic
1009 379 1124 445 multis

111 467 280 532 arboribus
300 465 407 531 obsita
414 487 598 620 gereonem
615 465 715 532 habet
732 467 870 550 fontem,
889 487 929 533 ex
947 487 1011 550 quo
1030 466 1125 550 large

112 576 214 639 aquae
236 558 378 621 manant.
441 555 574 620 rrcuitus
597 555 670 620 eiua
684 573 759 620 xxx
777 559 811 621 et
833 555 896 620 duo
920 554 1027 621 stadia
1050 575 1124 621 con·

57 664 92 711 24
110 642 288 728 prehendit.
325 641 364 707 In
386 642 506 707 vertice
529 642 683 707 herbidus
702 663 847 727 campus:
870 644 906 709 in
926 643 990 709 hoc
1013 644 1125 711 multi·

109 731 257 796 tudinem
284 731 437 797 inbellem
464 729 628 796 considere
657 732 779 797 iubent.
824 731 906 815 Ipsi,
933 752 997 816 qua
1024 752 1125 816 rupes

57 839 92 889 ao
110 820 230 904 deerat,
243 820 395 885 arborum
408 823 541 885 truncos
557 824 590 884 et
604 841 682 885 saxa
696 821 925 885 obmoliuntur.
950 837 1016 887 xm
1031 821 1125 887 milia

111 913 237 974 armata
256 909 410 992 arentin
429 929 565 993 quorum
584 908 751 974 obsidione
765 906 898 975 Cratero
917 908 1036 974 relicto
1053 908 1125 993 ipss

111 994 343 1085 Satibarzanen
369 997 461 1080 sequi
487 995 632 1061 festinat.
676 995 723 1062 Et
749 997 825 1081 quia
850 997 980 1080 longius
1009 992 1168 1063 abessedd

112 1107 185 1150 eum
208 1088 416 1170 cognoverat,
439 1085 480 1148 ad
504 1084 737 1169 expugnandos
756 1105 825 1167 eos,
848 1085 904 1169 qui
923 1085 1010 1150 edita
1033 1107 1126 1152 mon·

56 1192 91 1242 26
110 1174 194 1238 tium
217 1176 467 1257 occupaverant,
493 1172 587 1240 redit.
627 1172 676 1237 Ac
703 1173 809 1257 primo
832 1173 1001 1256 repurgari
1023 1173 1127 1259 iubet,

111 1261 266 1346 quidquid
283 1260 409 1346 ingredi
427 1265 573 1344 possent:
592 1255 722 1344 deinde,
740 1265 777 1326 ut
791 1261 1003 1327 occurrebant
1015 1262 1126 1328 iuriae

111 1354 199 1415 cotes
222 1351 478 1433 praeruptaeque
495 1369 606 1432 rupes,
627 1349 744 1415 inritus
762 1349 855 1414 labor
877 1349 1047 1415 videbatur
1069 1351 1127 1417 ob

56 1457 91 1506 er
111 1441 217 1501 stante
239 1441 364 1501 natura
402 1435 477 1520 Ille,
500 1441 537 1501 ut
560 1441 631 1503 erat
651 1438 752 1502 animi
775 1458 900 1521 semper
923 1438 1125 1504 obluctantis

111 1523 372 1608 difficultatibus,
390 1546 464 1590 cum
482 1528 516 1590 et
533 1524 686 1609 progredi
705 1525 841 1590 arduum
856 1530 888 1590 et
901 1527 1021 1593 reverti
1038 1527 1124 1610 peri·

111 1613 256 1679 colosum
271 1616 369 1698 esset,
387 1613 540 1678 versabat
553 1635 587 1678 se
606 1613 646 1677 ad
660 1635 771 1678 omnes
785 1614 1016 1698 cogitationes,
1035 1615 1125 1681 aliud

111 1705 222 1786 atque,
241 1702 342 1785 aliud,
373 1703 421 1766 ita
452 1705 489 1766 ut
520 1702 590 1766 fieri
620 1702 717 1783 solet,
749 1701 806 1766 ubi
837 1703 944 1785 prima
976 1723 1124 1788 quaeque

112 1790 314 1874 damnamus,
340 1790 516 1855 subiciente
540 1789 658 1854 animo.
702 1786 900 1873 Haesitanli,
927 1792 1015 1874 qnod
1037 1793 1124 1858 ratio

57 1898 92 1947 28
110 1900 177 1943 non
202 1879 323 1961 potuit,
349 1877 482 1943 fortuna
508 1878 680 1943 consilium
708 1877 976 1946 subministravit.
1018 1877 1124 1946 Vehe-

112 1989 202 2031 mens
234 1966 382 2031 favonius
414 1969 497 2047 erat,
529 1970 562 2031 et
593 1966 731 2030 multam
762 1967 934 2032 materiam
963 1966 1126 2035 ceciderat

111 2054 220 2137 miles,
243 2053 367 2118 aditum
389 2075 448 2137 per
470 2075 549 2118 saxa
566 2054 709 2120 molitus.
744 2053 833 2118 Haec
856 2076 976 2140 vapore
998 2057 1126 2123 torrida

58 2162 92 2212 ns
111 2143 178 2208 iam
209 2142 377 2206 inarserat.
411 2139 514 2226 ¹Ergo
547 2141 658 2225 adgeri
689 2142 771 2207 alias
805 2142 937 2210 arbores
966 2144 1059 2210 iubet
1091 2149 1124 2211 et

111 2231 182 2315 igni
208 2229 278 2294 dari
309 2229 476 2294 alimenta:
509 2230 719 2314 celeriterque
749 2229 916 2314 stipitibus
949 2233 1124 2299 cumulatis

57 2339 93 2388 ³0
111 2318 280 2402 fastigium
308 2317 429 2382 montis
457 2321 630 2401 aequatum
658 2321 716 2382 est.
756 2316 846 2384 Tunc
872 2319 1014 2404 undique
1036 2321 1124 2406 ignis

112 2407 249 2473 iniectus
264 2410 378 2471 cuncta
392 2405 632 2489 conprehendit.
663 2405 844 2472 Flammam
857 2407 892 2472 in
906 2429 965 2474 ora
976 2408 1124 2475 bostium

110 2501 226 2562 ventus
248 2494 388 2577 ferebat,
416 2493 525 2559 fumus
548 2494 662 2578 ingens
685 2495 774 2560 velut
796 2495 936 2580 quadam
957 2498 1044 2563 nube
1068 2499 1124 2564 ab·

58 2604 93 2655 ³1
113 2585 283 2650 sconderat
305 2583 440 2648 caelum.
477 2580 642 2648 Sonabant
664 2583 812 2649 incendio
841 2584 941 2649 silvae
965 2589 1064 2670 atque
1087 2609 1124 2652 ea

113 2695 254 2757 quoque,
287 2693 368 2758 quae
399 2692 466 2737 non
496 2670 684 2737 incenderat
714 2672 825 2756 miles,
859 2677 1016 2757 concepto
1048 2675 1124 2761 igne

112 2763 261 2844 proxima
279 2781 424 2846 quaeque
439 2755 624 2826 adureb'ant.
656 2759 793 2826 Barbari
807 2761 1036 2845 suppliciorum
1049 2763 1125 2828 ulti·

112 2870 215 2932 mum,
233 2850 261 2914 si
281 2870 344 2933 qua
358 2849 622 2913 intermoreretur
635 2848 736 2933 ignis,
754 2849 894 2935 effugere
911 2852 1126 2935 temptabant,

59 2957 93 3006 sa
113 2936 169 3001 sed
187 2958 251 3021 qua
269 2937 401 3002 flamma
420 2935 552 3001 dederat
570 2936 687 3018 locum,
704 2936 809 3002 hostis
828 2938 991 3004 obstabat.
1023 2937 1127 3005 Varia

113 3024 214 3111 igitur
232 3025 329 3090 caede
352 3023 536 3108 consumpti
555 3021 643 3089 sunt':
667 3024 724 3088 alii
744 3025 779 3090 in
797 3026 920 3092 medios
938 3026 1045 3112 ignes,
1069 3029 1126 3094 alii

113 3113 215 3197 petris
237 3112 492 3196 praecipitavere
514 3134 563 3197 se,
585 3111 715 3196 quidam
738 3112 882 3180 hostium
900 3116 1052 3181 manibus
1071 3117 1127 3183 ob

114 3201 272 3285 tulenmt,
295 3200 390 3284 pauci
412 3199 630 3266 semiustulati
652 3221 768 3266 venere
790 3203 824 3268 in
846 3206 1054 3287 potestatem.
1080 3219 1087 3230 '

61 3309 96 3360 sa
202 3288 288 3354 Hinc
302 3288 343 3354 ad
357 3286 540 3374 Craterum,
559 3289 615 3373 qui
628 3287 813 3355 Artacoana
832 3291 1016 3377 obsidebat,
1033 3293 1127 3360 redit
1136 3302 1168 3368 24

113 3374 174 3442 Ille
201 3377 352 3444 omnibus
383 3379 586 3461 praeparatis
617 3376 705 3462 regis
732 3380 924 3462 expectabat
953 3381 1129 3449 adrentum

52 3486 91 3532 aa
112 3470 230 3550 captae
263 3465 352 3533 urbis
383 3466 496 3550 titulo,
528 3466 612 3555 sicut
642 3487 703 3550 par
735 3471 817 3550 erat,
848 3468 972 3538 cedens.
1021 3468 1130 3555 Igitur

94 3550 291 3623 Alexander
323 3559 433 3626 turres
467 3554 637 3624 admoveri
664 3553 773 3621 lubet:
806 3554 943 3639 ipsoque
972 3557 1131 3641 adspectu
