2370 3834
49 168 52 173 ’
133 165 199 230 228
506 162 540 230 Q.
559 162 669 220 OURTI
687 161 773 218 RUFI

134 310 263 396 singula
286 303 603 375 circumvenirentur.
626 302 753 392 ‘Itaque
770 324 834 372 vm
857 307 990 372 milibus
1014 329 1149 376 suorum

82 411 115 460 18
134 400 262 464 arnissis
294 398 330 463 in
361 397 515 482 oppidum
547 396 744 482 refugerunt.
796 395 932 461 Postero
965 396 1016 462 die
1050 398 1149 462 scalis

133 487 273 572 undique
301 485 441 552 admotis
465 487 550 551 muri
579 487 787 569 occupantur.
826 483 941 549 Paucis
969 486 1149 570 pernicitas

134 576 233 641 saluti
259 574 336 658 fuit,
365 575 420 659 qui
442 575 571 660 cognito
597 574 686 639 urbis
711 573 834 639 excidio
861 573 1013 657 paludem
1040 578 1149 640 trans·

132 685 250 729 nevere
268 669 297 730 et
313 664 348 728 in
365 663 473 729 vicina
491 662 612 747 oppida
633 660 798 748 ingentem
817 661 957 726 intulere
979 665 1149 747 terrorem,

133 752 291 817 invictum
315 753 491 818 exercitum
515 757 549 817 et
570 752 702 817 deorum
724 750 872 835 profecto
893 750 1063 817 advenisse
1081 774 1149 817 me·

133 847 306 906 morantes.

82 941 115 990 12
222 929 407 994 Alexander
430 927 471 993 ad
493 928 684 1015 ucciandum
708 949 780 993 eam
803 928 971 1013 regionem
993 926 1183 996 Perdicca4

134 1039 207 1083 cum
229 1017 377 1102 expedita
408 1038 506 1081 manu
534 1017 634 1081 misso
661 1020 789 1098 partem
816 1017 981 1099 copiarum
1007 1016 1150 1082 Eumeni

133 1106 283 1190 tradidit,
315 1110 352 1170 ut
379 1107 407 1170 is
436 1126 562 1189 quoque
592 1104 750 1169 barbaros
779 1103 820 1170 ad
852 1104 1047 1170 deditionem
1075 1127 1149 1171 con·

133 1196 282 1279 pelleret:
318 1195 388 1278 ipse
421 1196 544 1258 ceteros
578 1192 618 1258 ad
650 1193 764 1257 urbem
799 1192 954 1271 validam,
984 1194 1019 1257 in
1051 1215 1150 1277 quam

81 1283 273 1348 2021121112
296 1302 422 1366 quoque
445 1281 658 1366 confugerent
679 1281 818 1364 incolae,
842 1280 943 1346 duxit.
985 1279 1151 1365 Oppidani

134 1372 257 1453 missis,
274 1369 337 1454 qui
358 1389 470 1454 regem
488 1371 750 1453 deprecarentur,
770 1369 998 1435 nihilominus
1023 1370 1150 1436 bellum

132 1459 303 1544 parabant.
346 1458 473 1542 Quippe
497 1461 569 1523 orta
596 1458 712 1523 seditio
735 1459 770 1522 in
792 1458 919 1523 diversa
941 1457 1078 1524 consilia
1101 1459 1150 1524 di·

133 1546 271 1612 duxerat
288 1547 434 1632 vulgum:
458 1546 517 1612 alii
536 1546 645 1612 omnia
667 1545 828 1610 deditione
849 1547 991 1630 potiora,
1014 1547 1150 1630 quidam

80 1647 113 1697 21
132 1636 256 1701 nullam
284 1647 382 1720 opem‘
406 1635 441 1703 in
467 1634 547 1719 ipsis
570 1656 640 1700 esse
666 1634 836 1699 ducebant.
876 1632 939 1700 Sed
961 1636 1037 1699 dum
1061 1636 1149 1701 nihil

133 1725 168 1789 in
208 1745 378 1790 commune
418 1724 610 1807 consulitur,
646 1724 701 1808 qui
742 1723 898 1788 deditioni
933 1724 1148 1807 inminebant,

81 1825 115 1875 22
134 1814 256 1897 apertis
278 1813 383 1896 portis
401 1811 530 1877 hostem
548 1811 717 1896 rccipiunt.
748 1811 932 1877 Alexander
949 1833 1148 1896 quamquam

132 1901 211 1965 belli
243 1901 428 1967 auctoribus
456 1901 525 1965 iure
555 1903 684 1983 poterat
715 1901 826 1984 irasci,
857 1903 968 1965 tamen
995 1901 1147 1968 omnibus

132 1990 229 2055 venia
251 1990 328 2054 data
351 1995 384 2054 ct
407 1989 572 2054 obsidibus
595 1989 737 2072 acceptis
760 1988 802 2054 ad
826 1989 1008 2072 proximam
1031 1989 1148 2058 deinde

131 2078 247 2143 urbem
269 2081 377 2143 castra
398 2078 510 2142 movit.
546 2075 680 2142 Obsides
704 2076 906 2142 ducebantur
926 2081 1000 2144 ante
1019 2097 1148 2162 agmen.

133 2165 222 2243 Quos
235 2188 307 2231 eum
322 2188 361 2230 ex
375 2167 476 2230 'muris
491 2165 730 2250 adgnouissent,
742 2169 857 2249 utpote
870 2166 979 2252 gentis
994 2166 1148 2253 eiusdem,

78 2255 165 2319 2312
197 2255 406 2339 conloquium
432 2258 697 2320 convocaverunt.
746 2252 801 2318 Illi
828 2254 1033 2320 clementiam
1057 2258 1147 2341 regis

132 2342 293 2428 simulque
316 2343 383 2407 vim
407 2343 687 2408 commemorando
712 2342 752 2408 ad
776 2342 971 2407 deditionem
994 2365 1049 2409 eos
1073 2366 1149 2410 con·

131 2431 256 2514 pulere:
280 2434 468 2514 ceterasque
485 2430 582 2496 urbes
601 2430 701 2495 simili
720 2432 816 2496 modo
834 2431 974 2498 domitas
993 2432 1028 2496 in
1047 2431 1147 2498 fidem

132 2520 266 2603 aceepit.

77 2617 113 2667 24
219 2607 305 2672 Η122
331 2609 366 2672 12
392 2627 526 2692 regnum
551 2605 696 2690 Sopithis
725 2611 915 2691 perventum
942 2613 1001 2675 est.
1046 2608 1181 2697 Gens,5

130 2699 167 2760 ut
184 2696 316 2761 barbari
330 2696 477 2777 credunt,
495 2695 655 2779 sapientia
669 2697 804 2761 excellet
821 2696 979 2782 bonisque
997 2699 1144 2766 moribus

78 2793 111 2844 21
130 2785 263 2869 regitur.
300 2783 434 2850 Genitos
454 2784 574 2849 liberos
593 2806 657 2848 non
679 2790 850 2868 parentum
869 2786 1005 2851 arbitrio
1024 2788 1145 2853 tollunt

131 2873 301 2957 aluntque,
324 2873 380 2938 sed
399 2893 524 2955 eorum,
547 2873 663 2956 quibus
683 2874 851 2957 spectandi
871 2873 1034 2941 infantum
1052 2875 1144 2942 habi·

130 2965 200 3025 tum
227 2983 304 3025 cura
330 2961 483 3025 mandata
511 2964 568 3027 est.
614 2957 649 3024 Si
677 2983 758 3046 quos
786 2963 931 3046 insignes
955 2967 1013 3029 aut
1036 2965 1145 3050 aliqua

129 3052 223 3132 parte
247 3051 466 3114 membrorum
489 3049 622 3113 inutiles
649 3053 858 3129 notaverunt,
885 3052 994 3116 necari
1022 3053 1146 3121 iubent.

77 3148 111 3198 26
128 3137 261 3220 Nuptiis
294 3143 411 3204 coeunt
437 3159 504 3202 non
535 3158 652 3223 genere
684 3160 723 3203 ac
753 3139 926 3206 nobilitate
956 3141 1146 3228 coniunctis,

130 3225 186 3290 sed
206 3227 308 3291 electa
330 3248 501 3310 corporum
524 3227 643 3310 specie,
666 3227 742 3311 quia
761 3228 872 3293 eadem
896 3229 1088 3296 aestimatur
1111 3233 1146 3297 in

77 3323 110 3374 2‘1
129 3314 251 3383 liberis.
277 3315 382 3381 Huius
398 3314 503 3402 gentis
519 3315 682 3399 oppidum,
695 3318 747 3381 eui
758 3317 941 3382 Alexander
955 3318 1145 3387 admoverat

130 3403 253 3489 copias,
290 3404 331 3469 ab
358 3405 429 3486 ipso
458 3401 593 3488 Sopithe
620 3405 837 3472 obtinebatur.
883 3404 1021 3472 Clausae
1050 3413 1145 3474 erant

106 3495 247 3578 portae,
267 3492 328 3558 scd
343 3492 429 3560 nulli
447 3493 483 3559 in
500 3492 603 3560 muris
620 3492 827 3580 turribusque
847 3516 881 3560 se
901 3496 1018 3560 armati
1037 3502 1144 3565 osten·

95 3574 231 3647 debant
254 3581 530 3676 dubitabantque
554 3581 774 3668 Macedones,
796 3583 1014 3648 deseruissem
1032 3587 1150 3649 urbem
