2356 3846
253 155 796 243 111111111111111111111,
816 180 841 229 e.
860 180 885 232 4.
1039 173 1081 237 91

68 317 213 381 rentium
236 318 355 395 evolyit
377 317 411 381 in
433 317 578 382 Medum:
610 317 723 383 Medus
747 319 803 399 [ad
825 320 927 399 mare]
952 319 994 383 ad
1016 340 1083 384 me-

69 405 186 469 ridiem
213 426 390 469 versus-
414 407 520 470 minor
549 407 653 471 amnis
683 427 736 488 eo,
768 428 863 490 quem
892 407 1016 489 accepit
1039 442 1081 453 -

70 493 231 557 evehitur:
262 494 506 578 gignendaeque
535 494 654 558 herbae
682 515 750 559 non
778 495 859 557 alius
888 499 938 558 est
965 494 1117 578 aptior,s

70 580 227 664 quidquid
255 581 369 664 adluit,
397 581 530 646 floribus
553 583 702 646 vestiens.
747 580 877 645 Platani
901 604 1027 666 qnoque
1050 586 1083 646 et

70 669 183 752 populi
205 671 384 754 contegunt
404 670 505 753 ripas,
532 670 580 733 ita
606 673 643 733 ut
669 670 781 752 procul
804 670 983 734 visentibus
1007 691 1083 734 con-

69 756 199 821 tinuata
225 757 396 821 videantur
417 757 583 822 montibus
605 778 738 821 nemora
759 757 912 841 riparum.
957 757 1083 842 Quippe

71 845 284 909 obumbratus
312 845 416 908 amnis
444 866 557 928 presso
588 846 624 908 in
656 846 760 910 solum
793 846 884 910 alveo
913 846 1082 929 delabitur,

70 932 294 1016 inminentque
321 933 435 1016 colles,
464 933 527 1016 ipsi
559 955 687 1017 quoque
714 933 883 997 frondibus
910 934 1000 1016 laeti,
1032 956 1082 998 ra-

72 1019 158 1084 dices
187 1040 298 1084 eorum
324 1019 458 1085 humore
486 1021 651 1085 subeunte.
696 1020 798 1105 Regio
825 1042 893 1086 non
921 1021 983 1085 alia
1009 1025 1117 1089 totae

71 1107 153 1172 Asia
175 1109 335 1172 salubrior
357 1108 508 1172 habetur:
540 1111 701 1192 temperat
722 1109 845 1173 caelum
867 1109 943 1173 hinc
970 1131 1082 1193 perpe-

70 1199 164 1259 tuum
186 1196 297 1279 iugum
320 1217 457 1279 opacum
480 1199 513 1260 et
534 1198 729 1280 umbrosum,
752 1197 836 1280 quod
859 1200 967 1261 aestus
987 1198 1083 1280 levat,

70 1284 161 1347 illino
197 1305 286 1348 mare
318 1284 515 1368 adiunctum,
557 1285 641 1369 quod
678 1285 803 1349 modico
834 1288 947 1368 tepore
977 1289 1081 1348 terras

20 1370 62 1435 14
70 1371 169 1436 fovet.
218 1370 279 1435 His
316 1373 461 1455 captivus
497 1373 650 1456 expositis
686 1373 904 1457 interrogatus
941 1395 961 1437 a
996 1394 1081 1457 rege,
1102 1392 1137 1441 10

71 1459 225 1523 auditune
261 1480 304 1523 an
340 1460 440 1524 oculis
472 1465 626 1544 conperta
656 1461 803 1543 haberet,
840 1482 922 1544 quae
954 1461 1083 1545 diceret,

70 1552 235 1630 pastorem
258 1569 292 1611 se
314 1546 413 1612 fuisse
437 1552 469 1611 et
492 1569 602 1612 omnes
625 1569 679 1612 eas
702 1549 799 1612 calles
821 1549 1016 1631 percurrisse
1034 1570 1083 1612 re·

72 1636 215 1718 spondit:
245 1634 295 1699 bis
318 1639 462 1719 captum,
484 1636 583 1699 semel
606 1634 749 1700 aPersis
770 1636 805 1698 in
828 1635 941 1720 Lycia,
964 1637 1082 1701 iterum

72 1723 112 1786 ab
135 1724 216 1807 ipso.
256 1720 352 1787 Subit
374 1724 516 1788 animum
538 1725 624 1808 regis
647 1724 801 1788 memoria
824 1725 953 1788 oraculo
977 1725 1081 1788 editae
1101 1743 1134 1792 11

72 1811 185 1876 sortis:
218 1811 337 1895 quippe
369 1812 550 1876 consulenti
576 1832 766 1894 responsum
794 1814 875 1894 erat,
908 1812 1020 1876 ducem
1047 1813 1083 1876 in

70 1898 237 1963 Persidem
258 1898 392 1963 ferentis
417 1900 485 1963 viae
499 1899 635 1982 Lycium
658 1900 759 1963 civem
777 1899 854 1963 fore.
885 1899 990 1984 Igitur
1009 1922 1082 1983 pro·
1102 1921 1135 1968 12

71 1987 190 2070 missis,
212 1989 335 2070 quanta
353 1990 386 2051 et
403 2008 556 2071 praesens
574 1989 750 2052 necessitas
768 1987 917 2072 exigebat
935 1991 968 2051 et
980 1988 1082 2070 ipsius

70 2074 204 2140 fortuna
231 2075 391 2159 capiebat,
424 2078 591 2139 oneratum
619 2075 737 2139 armari
758 2075 849 2139 iubet
869 2074 1083 2139 Macedonum

70 2184 161 2228 more
188 2166 234 2246 et,
260 2162 346 2246 quod
367 2163 450 2227 bene
473 2166 622 2240 verteret,
649 2167 830 2227 monstrare
852 2163 914 2227 iter
937 2164 1082 2246 quamvis

70 2251 207 2316 arduum
239 2253 272 2313 11
301 2271 467 2334 praeceps:
504 2272 672 2315 evasurum
704 2273 738 2315 se
766 2271 834 2315 esse
862 2272 934 2315 cum
962 2252 1083 2335 paucis,

69 2340 134 2404 nisi
155 2339 242 2403 forte
264 2338 415 2421 crederet,
438 2360 501 2422 qua
522 2339 591 2420 ipse
613 2339 738 2421 pecoris
759 2359 856 2402 11111
878 2338 965 2422 11111,
987 2339 1083 2403 Alex-

70 2427 209 2491 andrum
236 2447 294 2510 pro
323 2426 427 2511 gloria
454 2430 486 2490 11
513 2429 668 2510 perpetua
694 2425 787 2489 laude
814 2426 861 2489 ire
887 2448 955 2491 non
978 2447 1082 2509 posse.

69 2514 182 2579 Etiam
205 2517 302 2598 atque
325 2514 423 2578 etiam
446 2513 558 2578 docere
581 2515 735 2597 captivus,
758 2534 856 2596 quam
874 2513 1003 2577 difficile
1020 2514 1083 2577 iter
1102 2532 1135 2581 13

70 2606 169 2685 11111,
197 2603 335 2666 maxime
358 2600 500 2665 armatis.
543 2600 625 2665 Tum
649 2622 718 2684 rex,
746 2599 943 2683 ‘Praedam',
968 2601 1083 2685 inquit,

71 2689 134 2755 ‘me
157 2691 266 2773 accipe
289 2689 452 2753 neminem
474 2710 598 2771 eorum,
626 2689 682 2772 qui
704 2692 893 2772 sequuntur,
919 2692 1083 2754 recusatu-

70 2800 142 2842 rum
174 2778 234 2860 ire,
267 2798 331 2862 qua
362 2775 482 2841 duces'
536 2774 669 2848 Cratero
701 2776 801 2860 igitur
833 2776 873 2839 ad
903 2776 1082 2840 custodiam
1101 2795 1136 2867 ‚¹⁴

71 2870 252 2931 castrorum
293 2865 404 2928 relicto
440 2883 514 2928 cum
549 2864 728 2947 peditibus,
770 2863 841 2948 quis
885 2863 1083 2948 adsueverat,

71 2957 105 3018 et
134 2954 176 3018 iis
209 2953 322 3036 copiis,
357 2974 437 3036 quas
466 2951 628 3036 Meleager
659 2951 809 3034 ducebat,
841 2954 874 3015 et
906 2952 1082 3035 sagittariis

72 3041 233 3125 equitibus
259 3059 299 3124 11,
325 3040 495 3124 praecipit,
525 3043 561 3104 ut
592 3043 771 3104 castrorum
802 3039 908 3122 speeie
931 3042 1082 3104 manente

93 3130 180 3194 lures
204 3129 243 3193 de
264 3128 424 3193 industria
440 3128 533 3212 ignes
551 3128 620 3191 fieri
639 3128 781 3211 imperet,
804 3147 867 3209 quo
886 3128 990 3211 magis
1009 3129 1082 3192 bar-

70 3151 142 3282 lari
169 3216 303 3282 credant
330 3216 437 3299 ipsum
463 3236 572 3300 regem
599 3215 776 3278 in·castris
799 3235 877 3278 esse.
923 3213 1081 3300 Ceterum,
1101 3233 1135 3284 11

72 3305 100 3370 si
134 3306 221 3370 forte
256 3303 491 3369 Ariobarzanes
528 3303 733 3388 cognovisset
767 3324 826 3386 per
861 3302 990 3367 callium
1025 3325 1083 3367 an·

70 3392 195 3458 fractus
216 3413 248 3457 se
269 3392 390 3456 intrare
413 3395 446 3456 et
467 3391 507 3455 ad
526 3391 747 3474 occupandum
765 3391 827 3454 iter
845 3411 939 3455 suum
956 3395 1082 3475 partem

71 3482 236 3565 copiarum
266 3483 456 3564 temptasset
487 3500 663 3563 opponere,
694 3477 847 3543 Craterus
880 3499 959 3541 eum
980 3479 1086 3540 inlato
1102 3497 1143 3542 11

69 3572 190 3634 terrore
216 3568 385 3654 retineret,
419 3567 461 3636 ad
492 3569 631 3659 propius
655 3567 850 3658 pericuum
872 3577 1122 3627 cassaneam
