2370 3834
250 153 506 210 HISTORIARUM
524 153 740 210 ALEXANDRI
759 153 794 223 X,
813 160 837 210 9.
858 160 900 210 10.
1021 153 1088 219 285

60 323 180 368 versus
207 298 388 365 inmodicas
416 298 611 383 cupiditates
634 300 794 365 terminus
824 303 941 365 staret:
966 301 1087 386 quippe
1107 312 1122 361 τ

60 392 164 477 paulo
198 392 274 454 ante
306 388 394 473 regis
426 387 569 454 ministri
600 389 708 474 speeie
734 388 865 474 imperii
894 389 992 454 alieni
1013 410 1089 474 pro·

62 478 202 546 curandi
226 477 348 562 singuli
366 476 513 563 ingentia
531 478 720 544 invaserant
739 497 843 562 regna
865 478 1004 544 sublatis
1023 499 1089 544 oer-

62 568 229 634 taminum
252 567 373 650 causis,
395 587 468 631 oum
491 569 524 631 et
547 570 659 633 omnes
683 566 828 633 eiusdem
851 568 960 653 gentis
979 570 1090 633 essent

64 662 101 723 et
124 681 145 723 a
163 656 280 721 ceteris
303 656 355 721 sui
378 655 515 740 quisque
538 655 668 740 imperii
687 657 821 742 regione
840 656 981 722 disereti.
1027 654 1089 722 Sed
1108 667 1125 717 8

63 745 202 829 difficile
235 747 306 810 erat
337 765 375 809 eo
408 747 579 810 contentos
612 766 696 830 esse,
733 745 820 830 quod
852 744 1018 811 obtulerat
1041 767 1091 811 oo·

65 835 172 902 oesio:
208 834 327 919 quippe
361 833 494 899 sordent
525 833 632 919 prima
664 854 823 920 quaeque,
860 855 933 898 oum
965 833 1092 899 meiere

65 926 251 1009 sperantur.
282 921 397 1007 Itaque
415 922 567 988 omnibus
586 923 770 1007 exoptatius
784 921 956 988 videbatur
973 943 1091 1009 augere

65 1033 187 1100 regna,
210 1033 308 1097 quam
324 1011 442 1076 fuisset
464 1011 618 1097 accipere.

10 1105 54 1186 31
160 1099 325 1187 Septimus
352 1099 422 1165 dies
450 1104 533 1185 erat,
561 1121 600 1166 ex
623 1122 687 1186 quo
712 1122 828 1185 eorpus
852 1101 940 1186 regis
963 1100 1128 1166 iacebate

68 1193 106 1258 in
124 1191 209 1257 solio
229 1189 315 1254 euris
334 1189 479 1254 omnium
498 1189 540 1254 ad
556 1189 765 1255 formandum
783 1190 951 1276 publicum
970 1192 1094 1255 statum
1128 1208 1136 1225 ·

69 1303 90 1347 a
118 1283 189 1344 tarn
223 1277 375 1343 sollemni
406 1299 538 1342 munere
566 1279 698 1345 aversis.
745 1279 883 1344 Et-non
906 1279 972 1344 alia
995 1289 1147 1363 quam1o

68 1367 332 1452 Mesopotamiae
352 1366 486 1450 regione
506 1365 662 1432 fervidior
681 1371 790 1433 aestus
809 1368 933 1451 existit,
957 1368 1037 1432 adeo
1056 1370 1095 1431 ut

69 1459 228 1543 pleraque
249 1455 417 1540 animalia,
440 1477 522 1540 quae
540 1455 575 1520 in
592 1455 679 1521 nudo
703 1457 773 1523 solo
797 1456 1018 1542 deprehendit,
1041 1478 1095 1522 ex·

69 1547 218 1632 tinguat:
248 1547 360 1610 tantus
388 1548 438 1610 est
464 1565 567 1628 uapor
594 1545 673 1610 solis
701 1549 735 1610 et
762 1545 858 1628 caeli,
886 1566 951 1630 quo
978 1549 1096 1611 cuneta

70 1636 163 1701 velut
185 1635 262 1718 igne
284 1636 461 1698 torrentur.
501 1632 622 1699 Fontes
646 1654 805 1718 aquarum
824 1637 857 1698 et
874 1634 943 1698 rari
960 1638 1038 1699 sunt
1062 1637 1096 1698 et
1115 1643 1148 1693 11

70 1722 287 1790 incolentium
309 1720 421 1788 fraude
445 1723 606 1788 celantur:
629 1722 710 1807 ipsis
733 1744 811 1787 usus
833 1725 940 1807 patet,
964 1722 1095 1807 ignotus

72 1817 125 1879 est
149 1810 292 1877 advenis.
336 1810 507 1877 Traditum
534 1810 641 1896 magis
669 1833 767 1896 quam
795 1809 952 1876 creditum
975 1810 1095 1876 referor
1115 1821 1149 1871 12

71 1906 111 1968 ut
137 1899 271 1965 tandem
299 1920 412 1965 curare
445 1921 561 1984 eorpus
595 1899 780 1982 exanimum
813 1900 926 1964 amieis
958 1899 1097 1983 vaeavit,

71 1990 168 2057 nulla
195 1988 285 2072 tabe,
316 2010 358 2054 ne
390 1988 524 2054 minimo
553 1988 682 2074 quidem
709 1988 813 2053 livore
837 1990 1027 2071 corruptum
1048 1988 1096 2053 ui·

73 2080 163 2182 dere,
188 2078 244 2163 qui
267 2078 479 2179 intraverant.
521 2075 627 2162 Vigor
649 2098 791 2161 quoque,
822 2076 877 2161 qui
906 2079 1036 2142 constat
1059 2097 1098 2179 ex

73 2172 318 2341 {aestuet
347 2164 1099 2338 diffievttlmt0rtlatliarefi³⁰ttpdt
1118 2177 1151 2226 ¹³

73 2369 142 2412 non
166 2348 243 2410 sunt
262 2343 334 2408 ausi
349 2343 524 2416 admovere
542 2343 632 2407 velut
655 2342 794 2427 spiranti
815 2364 941 2408 manus.
970 2342 1098 2409 Deinde

73 2434 215 2520 precati,
251 2435 288 2497 ut
324 2431 375 2496 ius
412 2430 526 2516 fasque
566 2432 651 2495 esset
692 2432 886 2497 mortalibus
923 2435 1099 2497 attrectare

75 2525 189 2606 deum,
221 2540 400 2606 purgavere
434 2540 564 2602 eorpus:
602 2519 826 2603 repletumque
860 2523 911 2584 est
943 2519 1098 2585 odoribus

76 2633 213 2679 aureum
250 2610 369 2676 solium
407 2611 440 2672 et
478 2607 579 2691 capiti
610 2607 737 2671 adiecta
769 2606 918 2671 fortunae
951 2609 1019 2673 eius
1051 2609 1098 2673 in·

75 2701 163 2856 31ng
166 2722 194 2765 ὃ·
202 2697 253 2852 al
254 2719 357 2851 tt?
374 2694 985 2850 tttttettttffltttdlfttt
992 2695 1099 2849 tlt
1117 2708 1152 2758 ¹4

76 2811 214 2945 dddisltt.
251 2874 354 2960 Saepe
378 2878 464 2940 certe
487 2835 599 2939 audita
621 2876 691 2938 eret
711 2895 775 2938 uox
794 2806 986 2956 Ale'xindri,
1004 2871 1098 2938 Anti·

75 2971 210 3054 patrum
237 2964 364 3050 regium
392 2963 553 3028 adfectare
581 2962 750 3048 fastigium
778 2961 998 3046 maioremque
1026 2982 1097 3026 esse

75 3055 237 3144 praefecti
255 3053 374 3138 opibus
393 3074 431 3117 ae
448 3052 547 3118 titulo
567 3050 746 3136 Spartanae
766 3051 921 3117 victoriae
939 3049 1097 3129 inflatum,

77 3146 191 3213 omnia
210 3167 229 3209 a
246 3165 280 3208 se
298 3143 375 3207 data
393 3139 596 3206 adserentem
615 3141 692 3207 sibi:
710 3140 884 3207 eredebant
903 3139 1002 3205 etiam
1020 3136 1097 3204 Ora·
1118 3148 1151 3200 15

76 3240 187 3302 terum
214 3254 288 3299 oum
317 3234 463 3296 veterum
485 3230 631 3295 militum
653 3251 754 3294 manu
777 3229 818 3294 ad
844 3226 1099 3293 interficiendum

78 3347 154 3392 eum
173 3322 319 3387 missum.
354 3317 432 3384 Vim
456 3322 565 3384 autern
584 3318 710 3402 veneni,
733 3317 817 3403 quod
845 3318 881 3381 iu
907 3315 1124 3382 Macedonia]

77 3413 238 3500 gignitur,
257 3409 359 3475 talem
378 3429 449 3473 esse
468 3410 606 3491 constat,
627 3410 667 3472 ut
684 3407 806 3472 ferrum
825 3426 953 3491 quoque
972 3408 1099 3471 exurat:

76 3501 239 3588 ungulam
252 3496 389 3564 iumenti
403 3497 575 3562 dumtaxat
583 3496 762 3580 patientem
772 3516 843 3560 esse
855 3493 1100 3574 [constatlsue'x

33 3660 38 3667 ,
77 3591 210 3676 Stygem
231 3587 400 3674 appellant
417 3584 559 3676 fontem,
576 3609 620 3654 ex
637 3579 1034 3674 quopesuteumms
1043 3589 1104 3628 m
