2356 3846
255 162 512 221 maronianum
529 164 745 221 ALEXANDRI
763 165 797 236 X,
816 171 841 222 2.
860 171 885 222 3.
1015 165 1081 233 265

60 310 188 396 cipient
209 312 363 412 parentes
389 309 549 396 liberique
577 311 648 377 sine
670 313 779 377 vestro
801 331 878 398 rege
905 310 1084 397 redeuntes,

61 399 197 466 obviam
217 399 314 465 ibunt
333 398 554 466 desertoribus
571 399 828 487 hansfirgisque!
860 399 1083 485 Triumphabo
1103 411 1137 462 aa

62 487 251 555 mehercule
272 487 312 553 de
334 486 415 574 luga
436 492 547 591 uestra
568 492 611 575 et,
632 488 828 591 ubicumque
847 510 912 575 ero,
935 492 1085 574 expetam

62 576 524 769 tttltttlvt‘lhquitl?
547 578 824 770 trusseth,
839 578 1086 783 tinttlttt

21 841 56 907 11
64 754 369 910 deotolt*
390 759 552 909 teth
570 757 610 909 it
622 753 795 909 lotoe}
814 777 919 909 tt?
937 759 1086 911 &Edit
1105 854 1140 905 a

66 934 269 999 armatorum
300 952 419 1017 agmen
450 953 484 997 se
516 933 668 1018 immisit,
700 935 832 998 notatos
861 954 1003 1018 quoque,
1031 934 1087 1018 qui

65 1020 269 1087 ferocissime
300 1020 447 1086 oblocuti
478 1024 585 1107 erant,
622 1021 768 1106 singulos
800 1042 898 1088 manu
930 1021 1088 1106 corripuit

66 1130 127 1176 nec
150 1130 249 1175 ausos
271 1129 453 1195 repugnare
476 1127 542 1175 xm
565 1109 783 1176 adservandos
809 1109 996 1176 custodibus
1020 1132 1087 1176 cor·

10 1298 12 1305 Ι
65 1198 158 1284 poris
181 1196 354 1264 tradidit·

499 1337 578 1405 Osa.
601 1338 659 1405 III.

15 1532 18 1537 ,
157 1460 240 1540 Quis
266 1462 413 1529 erederet
439 1484 571 1529 saevam
597 1463 696 1548 paulo
725 1466 801 1529 ante
824 1463 1010 1529 contionem
1033 1463 1087 1528 ob·
1108 1473 1123 1523 1

68 1551 234 1637 torpuisse
256 1551 366 1617 subito
389 1551 501 1618 metu?
530 1552 577 1617 nt
597 1573 670 1617 cum
689 1550 731 1617 ad
748 1552 946 1637 supplicium
963 1552 1124 1618 videreta

68 1639 161 1707 hohi
176 1639 280 1706 nihilo
300 1662 397 1707 ausos
416 1641 570 1726 graviora
588 1663 687 1726 quam
703 1643 838 1726 ceteros,
857 1641 924 1706 sive
937 1641 1089 1724 nominis,
1107 1649 1123 1700 3

70 1727 157 1815 quod
181 1732 309 1814 gentes,
332 1750 413 1814 quae
431 1735 507 1796 sant
524 1730 584 1795 sub
602 1730 749 1816 regibus,
767 1728 853 1794 inter
871 1729 948 1795 deos
968 1730 1090 1813 colunt,

70 1818 138 1884 sive
169 1817 304 1901 propria
335 1817 438 1902 ipsius
469 1818 650 1902 veneratio,
683 1818 750 1884 sive
782 1817 901 1884 fiducia
932 1821 1026 1883 tanta
1056 1818 1089 1882 vi

70 1906 249 1972 exercentis
280 1905 455 1990 imperium
486 1907 665 1972 conterruit
697 1928 765 1973 eos:
803 1906 970 1992 singulare
1002 1910 1125 1971 certe4

70 1994 241 2060 edidercmt
267 1994 446 2078 patientiae
475 1995 659 2079 exemplum
687 1994 832 2080 adeoque
855 2016 922 2060 non
941 1998 1016 2060 sunt
1039 2016 1090 2059 ao-

71 2082 160 2149 oensi
182 2082 343 2168 supplicio
366 2083 640 2167 commilitonum,
663 2104 737 2148 cum
760 2084 820 2149 sub
842 2086 973 2150 noctem
992 2084 1090 2148 inter·

69 2170 176 2239 tectos
190 2192 261 2237 esse
275 2176 479 2257 cognossent,
494 2175 532 2237 ut
545 2171 629 2236 nihil
643 2170 821 2257 omiserint,
840 2171 927 2256 quod
941 2172 1089 2256 [singuli]

10 2270 13 2331 ÷
70 2259 180 2348 magis
202 2258 413 2325 oboedienter
437 2264 470 2325 et
491 2260 545 2344 pie
568 2260 721 2326 facerent.
752 2259 839 2325 Nam
863 2283 936 2326 oum
959 2265 1126 2344 posteros

71 2349 125 2415 die
147 2347 310 2434 prohibiti
330 2348 421 2414 aditu
443 2348 531 2434 regis
555 2352 664 2414 essent
681 2348 837 2414 Asiaticis
860 2349 956 2416 modo
979 2348 1092 2414 militi·

70 2436 135 2503 bus
153 2435 314 2522 admissis,
331 2436 505 2522 lugubrem
525 2438 607 2503 totis
625 2437 743 2503 castris
763 2437 890 2503 edidere
908 2437 1092 2521 clamorem,

71 2525 305 2593 denuntiantes
323 2526 474 2609 protinus
493 2547 563 2591 esse
581 2525 767 2610 morituros,
786 2525 815 2590 si
832 2547 889 2590 rex
907 2546 1092 2610 persevera-

28 2608 123 2681 lares
145 2614 252 2680 irasci.
298 2613 346 2680 At
367 2614 424 2679 ille
446 2613 624 2699 peruicacia
648 2614 689 2679 ad
712 2614 835 2698 omnia,
863 2635 945 2698 quae
969 2614 1128 2698 agitas-6

71 2707 137 2789 set,
165 2702 268 2769 enimi
293 2702 541 2788 peregrinorum
563 2702 707 2767 militum
734 2701 918 2768 contionem
941 2702 1093 2768 advocari

70 2793 166 2859 iubet
187 2789 420 2858 Macedonibus
442 2792 531 2858 intra
553 2795 662 2858 castra
684 2791 838 2857 cohibitis
861 2794 908 2876 et,
933 2812 1007 2856 cum
1030 2790 1092 2854 fre·

71 2884 212 2967 quantes
235 2881 391 2966 coissent,
418 2880 565 2947 adhibito
587 2881 765 2965 interprete
787 2879 889 2944 talem
912 2879 1093 2945 orationem
1157 2888 1160 2895 '

69 2969 204 3039 hebuit:
234 2967 329 3036 ‘Cum
353 2991 392 3035 ex
414 2967 549 3055 Europa
569 2969 741 3034 traicerem
764 2969 799 3033 in
821 2967 949 3053 Asiam,
972 2968 1093 3033 multas
1114 2974 1128 3025 7

70 3058 203 3125 nobiles
235 3061 362 3144 gentes,
391 3078 547 3143 magnam
573 3057 640 3124 vim
666 3058 836 3124 hominum
860 3056 998 3141 imperio
1021 3078 1094 3122 meo

68 3168 127 3214 me
146 3146 334 3214 additurum
352 3167 422 3212 esse
441 3147 623 3230 sperabam.
654 3146 723 3213 Nec
741 3146 893 3230 deceptus
909 3168 990 3230 sum,
1008 3145 1094 3230 quod
1113 3151 1129 3201 8

73 3235 114 3301 de
137 3236 191 3302 his
219 3234 340 3301 credidi
364 3233 480 3301 famae.
526 3233 588 3301 Sed
612 3235 653 3301 ad
676 3236 734 3300 illa
755 3235 818 3300 hoc
842 3256 968 3320 quoque
992 3255 1095 3299 acces-

74 3325 135 3410 sit,
163 3324 251 3409 quod
268 3322 363 3390 video
384 3324 487 3390 fortes
506 3324 593 3390 viros
612 3329 642 3390 et
658 3343 737 3408 erga
754 3344 848 3409 reges
867 3346 943 3389 suos
962 3322 1095 3407 pietatis

73 3413 228 3479 invictae.
263 3410 358 3478 Luxu
381 3412 492 3478 omnia
514 3412 613 3477 fluere
632 3411 830 3478 credideram
849 3415 882 3477 et
899 3412 1003 3477 nimia
1023 3410 1095 3475 feli·
1115 3417 1131 3466 9

76 3502 177 3568 citato
194 3500 303 3586 mergi
320 3501 356 3566 in
373 3502 570 3586 voluptates.
601 3500 648 3567 At
664 3500 815 3568 hercules
830 3501 949 3566 mama
958 3499 1104 3562 militias

68 3588 136 3653 hoc
170 3589 357 3656 animorum
402 3613 650 3682 corporumque
691 3591 818 3660 robore
853 3607 964 3667 osope
989 3579 1136 3655 ‘wem
