2356 3846
247 169 502 226 HISTORIARUM
520 170 735 226 ALEXANDRI
753 171 804 240 IV,
824 178 848 228 8.
868 177 893 227 9.
1034 172 1079 237 55

60 319 209 381 rotarum
235 315 329 399 plura
357 316 478 399 spicula
506 316 691 381 eminebant
720 316 756 380 in
784 316 965 400 adversum,
995 317 1078 383 aliae
1165 360 1172 366 -

62 404 178 469 deinde
201 403 300 469 falces
324 404 513 469 summissae
535 408 680 469 rotarum
699 405 831 470 orbibus
850 405 1027 470 haerebant
1045 410 1078 470 et

62 492 147 557 aliae
170 493 207 557 in
228 496 348 556 terram
371 493 540 574 demissae,
573 492 727 578 quidquid
752 493 882 557 obvium
906 494 1075 558 concitatis

11 581 155 665 ddequis
178 579 301 664 fuisset,
324 583 556 664 amputaturae.
596 579 667 646 Hoc
689 582 785 646 modo
808 582 967 647 instructo
990 602 1113 651 exer-6

63 670 131 734 citu
159 689 196 733 ac
224 672 405 753 perarmato
433 667 599 752 Babylone
632 671 741 753 copias
768 670 879 735 movit.
928 671 959 733 A
986 675 1078 754 parte

62 757 177 821 dextra
200 760 270 821 crat
287 757 403 841 Tigris,
424 758 543 822 nobilis
565 757 692 841 fluvius,
714 759 840 822 laevam
861 758 993 842 tegebat
1012 758 1077 822 Elu-

62 845 206 930 phrates,
223 865 341 930 agmen
355 844 606 928 Mesopotamiae
625 867 755 928 campos
771 846 958 929 inpleverat.
987 847 1078 930 Tigri
1098 865 1113 913 r

62 932 180 997 deinde
215 937 380 1017 superato,
420 955 494 998 oum
530 934 672 998 audisset
704 934 791 998 haud
823 935 933 1017 procul
966 936 1077 999 abesse

65 1020 209 1107 hostem,
241 1019 449 1105 Satropaten,
481 1023 625 1106 equitum
654 1022 864 1105 praefectum,
894 1043 966 1086 oum
989 1023 1078 1086 mille

63 1108 196 1175 delectis
232 1111 407 1193 praemisit.
452 1109 581 1175 Mazaeo
614 1111 752 1193 praetori
789 1131 844 1174 sex
876 1110 966 1173 milia
993 1110 1078 1191 data,

63 1197 182 1281 quibus
209 1197 336 1262 hostem
363 1198 503 1262 transitu
526 1199 630 1262 amnis
654 1201 789 1263 arceret:
822 1197 923 1262 eidem
946 1197 1113 1266 manda-8

63 1288 149 1368 tum,
171 1289 209 1350 ut
230 1287 403 1370 regionem,
427 1302 524 1370 quam
543 1286 724 1350 Alexander
742 1289 826 1350 esset
844 1284 998 1368 aditurus,
1021 1307 1078 1368 po-

62 1373 231 1457 pularetur
253 1377 349 1458 atque
371 1377 492 1438 ureret:
520 1375 637 1458 quippe
661 1374 810 1439 credebat
836 1375 947 1457 inopia
973 1374 1078 1439 debel-

63 1461 126 1525 lari
152 1481 249 1545 posse
275 1462 358 1526 nihil
383 1462 569 1545 habentem,
600 1462 664 1525 nisi
691 1463 777 1547 quod
803 1462 958 1545 rapiendo
986 1484 1078 1527 oocu-

62 1553 185 1632 passet:
222 1549 285 1633 ipsi
317 1553 424 1615 autem
457 1553 653 1615 commeatus
686 1551 741 1614 alii
773 1553 872 1633 terra,
904 1551 960 1614 alii
986 1550 1079 1635 Tigri

62 1658 159 1701 amne
186 1637 455 1704 subvehebantur.
504 1637 573 1702 Iam
599 1641 789 1722 pervenerat
814 1638 935 1702 Arbela
963 1638 1113 1721 vicum,9

62 1725 208 1790 nobilem
233 1747 292 1791 sua
323 1727 413 1791 clade
439 1727 590 1791 facturus.
635 1725 697 1790 Hic
725 1729 959 1790 commeatuum
984 1726 1078 1789 sarci-

62 1813 1078 1988 tntutltt¹³{ltltltltttltttttttltl

62 1989 139 2054 iecit
161 1990 351 2055 exercitum·
380 1988 460 2054 Inde
483 1990 650 2074 octoginta
671 1990 737 2054 fere
761 1990 865 2053 stadia
888 2010 1078 2074 progressus
1099 2007 1133 2056 ιο

63 2077 105 2141 ad
135 2079 273 2144 alterum
302 2099 431 2142 amnem
459 2115 500 2125 -
524 2076 658 2142 Bumelo
687 2099 807 2141 nomen
834 2081 884 2141 est
907 2114 949 2124 —
973 2081 1079 2142 castra

62 2167 181 2248 posuit
223 2165 413 2249 Opportrma
436 2166 632 2249 explicandis
655 2166 755 2248 copiis
778 2166 868 2249 regio
893 2170 969 2248 erat,
992 2167 1078 2249 equi-

62 2253 173 2318 tabilis
200 2258 233 2318 et
254 2258 347 2319 vasta
368 2254 533 2337 planities:
560 2274 601 2318 ne
625 2254 741 2338 stirpes
764 2254 892 2337 quidem
915 2257 948 2317 et
970 2254 1080 2318 brevia

63 2341 207 2427 virgulta
233 2343 383 2426 operiunt
408 2343 513 2407 solum
535 2342 680 2426 liberque
702 2345 890 2425 prospectus
915 2342 1079 2406 oculorum

63 2430 162 2495 etiam
186 2429 228 2494 ad
250 2452 299 2513 ea,
320 2451 401 2516 quae
419 2431 531 2514 procul
548 2451 715 2512 recessere,
738 2430 950 2512 permittitur:
975 2434 1079 2514 atque,

64 2517 92 2582 si
114 2539 179 2602 qua
201 2519 307 2602 campi
325 2518 519 2604 eminebant,
541 2519 636 2583 iussit
654 2518 784 2601 aequari
801 2520 969 2601 totumque
989 2517 1079 2582 fasti·

64 2606 155 2691 giurn
177 2606 313 2671 extendi.

12 2692 53 2758 37
153 2692 337 2760 Alexandro
361 2695 416 2780 qui
437 2715 606 2759 numerum
629 2692 793 2776 copiarum
816 2693 897 2776 eius,
922 2695 1079 2776 qnantum
1099 2709 1131 2758 11

63 2783 176 2866 procul
213 2784 386 2848 coniectari
421 2786 559 2866 poterat,
597 2781 812 2846 aestimabant
847 2781 900 2844 vix
935 2779 1079 2844 fecerunt

63 2870 160 2935 fidem
181 2873 233 2936 tot
254 2871 385 2937 milibus
408 2871 510 2935 caesis
533 2870 670 2935 maiores
687 2869 797 2953 copias
816 2889 886 2932 esse
903 2870 1078 2951 reparatas.

64 2955 216 3023 Ceterum
243 2959 349 3024 omnis
376 2959 508 3043 periculi
536 2962 569 3023 et
596 2958 734 3023 maxime
756 2955 975 3021 ‘multitudinis
1002 2972 1131 3022 con-12

62 3050 206 3131 temptor
228 3047 403 3112 undecimis
425 3048 538 3111 eastris
562 3047 603 3111 ad
620 3046 810 3128 Euphraten
832 3045 990 3127 pervenit:
1014 3066 1077 3127 quo

63 3135 219 3220 pontibus
245 3136 355 3200 iuncto
383 3135 506 3220 equites
534 3135 656 3218 primos
678 3135 738 3218 ire,
770 3132 965 3218 phalangem
988 3133 1079 3216 sequi

63 3224 163 3309 iubet,
185 3221 324 3307 Mazaeo,
347 3224 403 3308 qui
425 3223 466 3287 ad
488 3219 699 3288 inhibendum
721 3222 895 3285 transitum
913 3221 981 3285 eius
1005 3241 1078 3284 curn
1104 3239 1107 3245 ·

64 3332 120 3376 sex
146 3311 278 3376 milibus
307 3313 451 3397 equitum
479 3314 670 3394 occurrerat,
702 3331 769 3374 non
797 3330 875 3373 auso
902 3309 1077 3392 periculum

64 3400 114 3464 sui
145 3399 259 3464 facere.
312 3399 426 3465 Paucis
458 3399 571 3464 deinde
600 3420 668 3464 non
695 3397 736 3462 ad
763 3397 917 3482 quietem,
952 3396 1007 3461 sed
1037 3395 1078 3460 ad
1097 3414 1131 3464 13

63 3488 304 3572 praeparandos
322 3489 448 3553 animos
467 3488 578 3553 diebus
598 3487 681 3552 datis
700 3484 796 3549 militi
810 3489 938 3550 strenue
951 3485 1082 3548 hostem

59 3576 189 3658 iflffl‘lffl'
209 3576 322 3660 eoepit,
345 3581 508 3666 metuens,
531 3598 575 3645 ne
597 3575 763 3646 interiora
779 3574 883 3659 regiis
901 3572 960 3634 ssi
974 3569 1112 3647 semes
