2356 3846
118 159 161 224 22
491 155 522 222 Q.
543 155 653 213 cuam
670 155 757 212 RUFI

122 325 202 388 quae
234 304 331 386 paulo
361 305 436 366 ante
469 302 509 366 ad
540 302 676 365 tutelam
708 320 878 385 corporum
910 311 1128 385 sumpserant:

65 413 98 463 rs
118 393 197 457 adeo
224 412 326 475 paror
352 392 450 455 etiam
477 389 596 454 auxilia
622 389 784 454 formidat.
828 388 978 454 Instabat
1003 389 1128 475 fugien-

116 480 203 544 tibus
231 500 328 564 eques
356 501 376 543 a
402 477 615 542 Parmenione
644 478 794 561 emissus,
825 481 859 541 et
885 478 969 541 forte
991 477 1028 541 in
1049 479 1129 544 illud

117 589 216 634 cornu
249 589 360 633 omnes
393 567 470 652 fuga
502 566 688 630 abstulerat,
733 566 779 630 At
810 566 845 629 in
873 566 985 630 dextro
1013 565 1128 632 Persae

65 677 99 728 ιι
118 656 289 721 Thessalos
318 656 441 739 equites
468 654 674 719 vehementer
696 654 863 739 urgebant.
907 652 1041 739 Iamque
1063 676 1128 720 una

118 745 170 808 ala
192 745 263 828 ipso
285 744 398 828 inpetu
421 744 607 827 proculcata
572 745 712 807 trerat
736 762 809 806 cum
830 741 977 806 Thessali
1000 745 1128 807 strenue

117 833 319 898 circumactis
346 832 437 916 equis
465 830 582 915 dilapsi
608 851 719 896 rursus
746 830 780 893 in
808 830 966 913 proelium
994 830 1129 896 redeunt

117 942 309 1021 sparsosque
339 923 373 985 et
403 919 623 1003 inconpositos
650 918 804 983 victoriae
830 918 946 983 fiducia
972 918 1128 985 barbaros

66 1028 98 1080 ιι
117 1009 244 1095 ingenti
216 1008 371 1074 tcaedc
403 1009 620 1092 prosternunt.
671 1005 757 1090 Equi
787 1007 908 1091 pariter
943 1007 1128 1093 equitesque

116 1097 300 1180 Persarum,
330 1096 411 1160 serie
440 1098 621 1160 lamnarum
651 1115 779 1180 mares,
807 1095 840 1158 id
867 1115 969 1179 genus
991 1116 1129 1182 pugnae,

117 1185 203 1270 quod
234 1185 396 1249 celeritate
427 1184 564 1248 maxime
596 1187 738 1268 constat,
774 1203 869 1268 aegre
899 1183 1128 1250 moliebantur:

117 1274 235 1356 quippe
258 1273 294 1336 in
316 1272 567 1357 circumagendis
591 1272 682 1357 cquis
705 1272 771 1336 suis
792 1291 842 1337 cos
864 1271 1012 1338 Thessali
1033 1273 1129 1338 inulti

66 1470 99 1518 re
118 1365 367 1512 omllittmttlrln
385 1469 540 1532 prospera
557 1469 668 1534 pugna
686 1450 836 1513 nuntiata
849 1447 1041 1532 Alexander,
1063 1446 1171 1514 nontt

118 1539 193 1600 ante
225 1558 323 1600 ausus
355 1537 503 1620 persequi
535 1536 704 1619 barbaros,
734 1537 894 1620 utrimque
928 1537 992 1600 iam
1024 1538 1130 1602 victor

65 1643 98 1693 17
117 1624 240 1689 instare
261 1624 460 1710 fugientibus
483 1625 597 1708 coepit.
633 1624 730 1688 Haud
757 1625 894 1707 ainplius
909 1645 1019 1709 regem
1032 1647 1130 1711 quam

117 1713 204 1776 mille
249 1713 374 1796 equites
420 1712 646 1796 sequebantur,
692 1733 764 1776 oum
803 1713 920 1797 ingens
955 1713 1129 1778 multitudo

116 1799 259 1864 hostium
282 1801 415 1865 cederet.
451 1798 515 1864 Sed
537 1801 608 1883 quis
631 1801 746 1864 autin
768 1800 902 1865 victoria
926 1801 1035 1864 autin
1050 1801 1130 1886 fuga

117 1888 225 1972 copias
257 1888 428 1952 numerat?
472 1888 663 1971 Agebantur
689 1908 766 1988 ergo
795 1910 816 1952 a
841 1892 909 1952 tam
936 1888 1048 1971 paucis
1075 1910 1129 1975 pe·

117 1997 227 2040 corum
255 1975 351 2040 modo
379 1979 412 2039 et
433 1975 518 2039 idem
541 1979 660 2058 metus,
692 1977 748 2058 qui
771 1977 908 2077 cogebat
929 1975 1054 2060 lugere,
1080 1976 1129 2041 fu·

66 2082 98 2132 ¹⁸
117 2063 459 2234 &etitem
472 2062 551 2214 suti
572 2061 843 2235 {mittit
861 2062 1129 2218 meatu

116 2242 180 2320 rat,
211 2242 289 2303 tunc
316 2239 560 2323 transfuga-
592 2238 723 2323 abrupti
750 2261 770 2302 a
797 2239 911 2304 ceteris
937 2239 1025 2304 haud
1052 2261 1129 2306 sane

65 2288 319 2410 refugientibus
342 2326 462 2391 similes
485 2329 662 2391 evaserant.
699 2325 836 2392 Barbari
853 2328 950 2412 longe
968 2327 1129 2394 diversam

116 2413 230 2499 fugam
252 2414 471 2479 intenderunt:
501 2415 570 2499 alii,
592 2436 656 2498 qua
678 2422 802 2480 rectum
824 2416 886 2480 iter
907 2416 942 2478 in
964 2415 1129 2481 Persidem

117 2500 261 2585 ducebat,
284 2502 413 2586 quidam
436 2503 569 2567 circuitu
591 2524 689 2586 rupes
711 2503 875 2587 saltusque
893 2504 1053 2569 montium
1076 2524 1128 2570 oc-

64 2609 99 2660 ao
118 2591 221 2655 cultos
244 2591 395 2674 petivere,
416 2591 510 2674 pauci
533 2594 639 2655 castra
655 2589 761 2655 Darei.
799 2589 861 2655 Sed
882 2591 948 2655 iam
970 2591 1028 2655 illa
1050 2613 1128 2677 quo·

117 2700 178 2761 que
213 2679 317 2744 victor
347 2679 535 2761 intraverat,
573 2679 661 2743 omni
690 2679 819 2763 quidem
847 2680 1011 2763 opulentia
1040 2679 1127 2745 ditia

116 2765 237 2851 Ingens
261 2766 331 2830 auri
354 2767 542 2852 argentique
565 2767 700 2852 pondus,
722 2789 790 2832 non
811 2767 888 2833 belli
911 2767 968 2832 sed
982 2768 1127 2832 luxuriae
1167 2837 1168 2840 ,

118 2857 318 2939 apparatum,
340 2855 539 2938 diripuerant
560 2855 688 2920 milites.
724 2852 867 2939 Cumque
882 2856 955 2939 plus
968 2861 1127 2940 raperent,

116 2962 210 3023 quam
232 2961 337 3023 copore
353 2947 492 3025 possent,
515 2941 635 3026 passim
658 2946 761 3007 strata
783 2947 876 3008 erant
897 2943 1014 3008 itinera
1035 2945 1126 3010 vilio·

117 3029 206 3093 ribus
229 3030 372 3113 sarcinis,
395 3051 474 3114 quas
497 3030 532 3093 in
555 3031 794 3115 comparatione
810 3032 978 3096 meliorum
992 3032 1128 3097 avaritia

64 3137 98 3188 ιι
117 3121 361 3200 contempserat.
416 3118 549 3203 Iamque
584 3118 625 3182 ad
658 3119 796 3183 feminas
826 3122 1016 3205 perventum
1049 3123 1128 3202 erat,

117 3205 233 3288 quibus
252 3226 315 3289 quo
334 3206 459 3271 cariora
477 3210 666 3270 ornamenta
684 3211 769 3289 sunt,
792 3207 964 3272 violentius
982 3207 1127 3272 detrahe-

116 3293 247 3357 bantur:
274 3308 315 3358 ne
337 3292 533 3378 'corporibus
561 3294 689 3378 quidem
711 3296 761 3359 vis
784 3317 821 3359 ao
843 3295 942 3360 libido
965 3296 1127 3379 parcebat

63 3401 97 3452 ιι
117 3380 212 3446 Omni
235 3382 367 3465 planctu
390 3382 606 3467 tumultuque,
634 3387 731 3466 prout
753 3383 866 3467 cuique
893 3383 1027 3448 fortuna
1049 3388 1127 3466 erat,

103 3474 213 3529 eastra
238 3470 460 3554 repleverant,
492 3492 552 3536 nec
579 3471 646 3535 ulla
671 3470 769 3535 facies
796 3472 874 3535 mali
900 3471 1023 3554 deerat,
1054 3492 1127 3536 cum

72 3565 147 3620 Fet
177 3573 299 3618 omnes
332 3559 469 3626 ordines
505 3563 701 3648 aetatesque
731 3560 866 3625 victorie
895 3559 1066 3624 crudelitas
1089 3579 1130 3623 ac
