2356 3846
219 165 476 222 merosum
491 166 708 225 stannum
726 168 764 238 v,
784 173 826 224 11.
846 175 888 224 ιι.
1011 168 1073 234 107

57 309 165 375 losum
188 313 274 375 meet
294 331 363 377 non
384 310 511 376 eredere
533 310 612 397 suis,
632 333 730 396 quam
747 312 860 396 decipi
895 330 967 378 xxx
984 314 1111 385 miliar.

58 400 166 480 erant,
197 419 334 482 quorum
364 399 519 464 inclinata
549 400 585 463 in
612 401 719 465 scelus.
741 400 858 465 levitas
884 401 1073 466 timebatur:

57 503 110 551 1111
127 485 218 552 milia
233 484 355 552 Patron
372 487 527 552 habebat:
550 488 668 572 quibus
686 488 715 553 si
731 488 920 553 credidisset
937 490 1074 554 salutern

59 595 153 638 suam
181 573 335 639 damnate
360 576 565 659 popularium
591 575 667 659 fide,
697 576 869 660 parricidio
896 578 1073 643 excusatio-

58 682 136 727 nem
152 660 284 727 videbat
300 661 420 728 offerri
454 663 570 747 Itaque
586 664 799 747 praeoptabat
811 664 962 731 inmerito
976 687 1074 749 quarn
1092 686 1109 735 5

57 750 128 815 iure
155 750 279 816 violari.
322 749 424 816 Besso
449 753 560 816 tanim
585 751 775 816 insidiarum
802 752 971 817 consilium
997 775 1073 837 pur·
1098 776 1101 784 ⁴

58 838 153 922 genti
182 838 363 922 respondit,
393 839 572 905 Alexandri
600 839 661 903 sibi
687 861 755 904 non
782 840 889 905 minus
915 841 1073 905 iustitiam

58 947 157 1010 quam
184 926 337 991 virtutem
364 946 436 992 esse
459 930 670 1010 perspectam.
713 926 796 992 Falli
822 948 891 1012 eos,
922 928 978 1012 qui
999 948 1073 1011 pro·

57 1013 191 1078 ditionis
219 1014 260 1078 ab
287 1035 326 1078 eo
348 1015 528 1098 praemium
548 1017 730 1098 expectent:
759 1015 899 1080 molatae
919 1015 995 1080 fidei
1017 1036 1073 1080 ne·

56 1102 180 1166 minem
210 1101 364 1167 aeriorem
393 1102 464 1168 fore
494 1102 654 1167 vindicem
682 1104 892 1186 ultoremque.
940 1102 1110 1187 Iamqnec

56 1210 124 1254 nox
149 1189 334 1290 adpetebat,
366 1210 439 1254 eum
461 1189 580 1254 Persae
605 1212 694 1256 more
718 1191 813 1255 solito
836 1191 934 1255 armis
957 1192 1072 1274 positis

57 1277 100 1342 ad
122 1277 303 1342 necessaria
326 1298 364 1342 ex
385 1278 531 1361 proximo
554 1278 625 1342 vico
647 1277 781 1343 ferenda
799 1278 992 1344 discurrunt
1027 1278 1074 1343 At

57 1363 235 1448 Bactriani,
256 1368 294 1430 ut
314 1365 507 1448 imperatum
530 1364 668 1430 aBeseo
690 1370 770 1449 erat,
793 1367 909 1430 armati
932 1366 1072 1431 stabant

10 1429 48 1499 33
57 1451 148 1516 Inter
173 1452 254 1517 haec
276 1453 401 1518 Dareus
427 1452 625 1518 Artabazum
652 1455 749 1518 acciri
771 1454 873 1537 iubet,
902 1475 963 1540 erp
965 1455 1071 1520 ositis·
1090 1474 1106 1523 ι

58 1562 135 1625 que,
157 1561 239 1624 quae
261 1539 384 1607 Patron
407 1541 580 1624 detulerat,
601 1541 689 1606 haud
712 1541 859 1607 dubitare
882 1541 1073 1626 Artabazus,

59 1629 138 1712 quin
164 1628 398 1693 transeundum
425 1629 545 1693 esset
535 1650 571 1692 ιιι
593 1632 663 1694 cast
663 1651 699 1693 ra
648 1627 931 1694 tzGraecorum
958 1593 1073 1695 Persai

58 1737 189 1800 quoque
218 1716 360 1800 periculo
390 1717 525 1801 vulgato
556 1720 730 1782 secuturos.
774 1715 964 1782 Destinatus
992 1718 1107 1787 sortis

58 1825 136 1869 suae
159 1807 193 1869 st
214 1804 280 1868 iam
300 1803 422 1868 nullius
445 1804 581 1869 salubris
601 1804 727 1869 consilii
744 1804 874 1886 patiens
890 1805 1020 1868 unicam
1037 1806 1073 1868 in

57 1892 116 1956 illa
140 1890 275 1957 fortuna
297 1912 391 1975 opem
412 1889 623 1974 Artabazum,
651 1892 801 1957 ultimum
822 1891 914 1956 illum
937 1892 1072 1975 visurus,

57 1979 264 2063 amplectitur
293 1979 505 2063 perfususque
535 1980 655 2045 mutuis
682 1979 823 2044 lacrimis
849 1979 1073 2044 inhaerentem

58 2066 121 2132 sibi
139 2067 235 2131 avelli
252 2067 355 2132 iubet:
379 2067 485 2151 capite
502 2066 616 2132 deinde
633 2068 750 2150 velato,
771 2087 813 2131 ne
829 2066 914 2131 inter
933 2067 1073 2152 gemitus

56 2153 293 2239 digredientem
314 2155 404 2219 velut
425 2176 446 2218 a
467 2173 547 2239 rogo
570 2154 763 2238 intueretur,
784 2155 820 2218 in
841 2154 977 2219 humum
999 2177 1073 2239 pro·

56 2263 137 2306 num
160 2262 277 2325 corpus
300 2241 426 2306 abiecit.
462 2240 545 2306 Tum
566 2263 642 2306 vero
666 2241 830 2308 custodiae
851 2243 919 2307 eius
938 2242 1073 2325 adsueti,
1091 2262 1108 2310 e

57 2351 140 2414 quos
166 2328 254 2414 regis
276 2330 413 2394 salutem
434 2330 486 2394 vel
507 2330 657 2413 perieulis
679 2330 765 2394 vitae
786 2330 872 2395 tueri
893 2331 1073 2414 oportebat,

54 2417 176 2502 dilapsi
199 2420 275 2481 sunt
296 2420 394 2499 metu,
416 2417 558 2497 armatis,
580 2438 661 2501 quos
683 2417 749 2481 iam
772 2416 946 2482 adventus
966 2417 1072 2482 crede

29 2505 152 2588 ¹bant,
188 2504 275 2569 haud
305 2505 371 2568 rati·
400 2525 434 2569 se
464 2504 592 2569 futuros
622 2525 724 2587 pares.
776 2502 897 2589 Ingens
930 2525 1007 2589 ergo
1038 2505 1073 2569 in

55 2593 267 2657 tabernaculo
292 2591 431 2658 solitudo
455 2594 525 2656 erat
543 2592 654 2675 paucis
673 2591 879 2675 spadonibus,
901 2592 985 2676 quia,
1008 2613 1072 2676 quo

58 2679 267 2761 discederent,
288 2700 357 2744 non
378 2679 552 2763 habebant,
574 2678 857 2743 circumstantibus
875 2699 993 2763 regem.
1027 2678 1074 2743 At
1093 2699 1127 2749 ιο

56 2767 113 2832 ille
144 2767 276 2831 remotis
308 2767 437 2830 arbitris
469 2765 524 2830 diu
550 2766 638 2830 alind
665 2769 762 2848 atque
789 2765 876 2829 aliud
903 2766 1074 2830 consilium

57 2855 169 2920 animo
199 2854 377 2920 volutabat.
427 2852 560 2937 Iamque
592 2852 812 2935 solitudinem,
847 2873 945 2937 quam
976 2855 1073 2937 paulo

54 2945 158 3013 antea
184 2963 244 3025 pro
272 2941 392 3007 solacio
423 2941 594 3024 petiverat
625 2961 759 3024 perosus
784 2938 939 3005 Bubacen
964 2941 1074 3006 vocari

56 3030 157 3097 iubet
203 3028 305 3104 Quem
331 3030 475 3112 intuens,
502 3027 588 3110 Ite',
618 3029 736 3111 inquit,
709 3026 943 3093 tconsulite
970 3030 1126 3113 robis,11

54 3117 99 3183 ad
116 3117 270 3183 ultimum
285 3117 356 3202 regi
372 3119 505 3199 vestm,-
512 3118 551 3181 ut
568 3076 710 3198 decebat,
728 3079 794 3181 tide
812 3116 965 3181 exhibita
999 3116 1073 3202 Ego

56 3205 110 3271 hic
138 3206 321 3290 legemt
271 3205 333 3269 fati
359 3204 423 3268 mei
449 3206 591 3288 expecto.
640 3202 747 3268 Forsit
732 3206 791 3268 tan
816 3204 955 3284 mireris,
987 3205 1074 3288 quod

54 3293 159 3359 vitam
177 3314 245 3358 nou
262 3291 388 3357 finiam:
407 3292 512 3357 alieno
531 3293 649 3356 scelere
666 3312 764 3375 quarn
781 3312 855 3357 meo
868 3292 952 3356 mori
964 3292 1073 3358 malo?

55 3379 137 3448 Post
171 3380 257 3446 hanc
291 3400 404 3446 vocem
439 3378 540 3464 spado
576 3379 699 3465 gemitu
729 3400 798 3444 non
828 3379 1072 3444 tabernaculum
1091 3399 1125 3449 ιι

54 3468 165 3552 modo,
186 3468 244 3534 sed
265 3468 364 3534 etiam
382 3471 489 3533 castra
506 3467 676 3552 conplevit.
710 3465 865 3551 Inrupere
884 3466 998 3532 deinde
1016 3467 1074 3531 alii

53 3557 269 3640 laceratisque
292 3555 435 3624 vestibus
457 3555 594 3645 lugubri
614 3558 649 3623 et
665 3554 815 3623 barbaro
828 3554 968 3617 neuun
976 3569 1103 3627 ream
