2356 3846
266 167 519 224 HISTORJABUM
536 164 751 222 ALEXANDBI
768 165 815 235 Vl,
834 173 859 222 6.
1005 165 1067 228 129

55 318 190 400 gratum
219 318 277 379 est.
320 310 426 397 Igitur
452 332 493 376 ne
520 312 555 376 in
584 311 776 375 seditionem
803 331 854 375 res
882 313 1069 391 verteretur,
1088 329 1120 378 12

56 403 161 467 otium
185 400 453 484 interpellandum
472 405 543 464 erat
564 399 665 482 bello,
689 399 778 464 euius
799 399 936 462 materia
955 419 1069 481 oppor-

54 496 134 555 tune
163 490 319 554 alebatur.
368 487 517 572 Namque
545 486 664 552 Bessus
696 490 787 551 veste
819 487 909 571 regia
941 490 1069 569 sumpta
1090 508 1122 556 13

54 579 263 643 Artaxerxen
281 577 437 660 appellari
456 597 490 640 se
507 577 647 640 iusserat
665 573 867 658 Scythasque
890 577 924 639 et
946 578 1069 640 ceteros

55 666 178 730 Tanais
202 665 328 731 accolas
357 664 580 729 contrahebat.
625 663 715 728 Haec
738 661 965 727 Satibarzanes
989 683 1070 728 nun·

55 755 177 836 tiabat,
204 774 299 837 quem
323 757 485 836 receptum
515 753 548 816 in
572 752 666 816 fidem
689 751 828 836 regioni,
853 774 950 835 quam
974 756 1071 816 antea

56 843 253 925 obtinuerat,
266 841 431 925 praefecit.
463 840 594 905 Etcum
609 860 707 924 grave
722 841 834 923 spoliis
849 843 1070 923 apparatuque
1092 861 1124 910 14

57 930 204 994 luxuriae
233 949 349 1014 agmen
377 931 430 993 uix
453 932 649 1012 moveretur,
677 950 752 992 suas
775 929 929 1012 primum,
956 928 1070 992 deinde

56 1020 161 1083 totius
180 1019 339 1082 exercitus
362 1017 506 1082 sarcinas
528 1017 669 1100 exceptis
689 1017 862 1081 admodum
879 1017 1071 1088 necessariis

57 1107 172 1171 referri
199 1107 296 1170 iussit
322 1106 357 1170 in
378 1107 528 1170 medium.
573 1104 730 1170 Planities
754 1108 899 1188 spatiosa
927 1109 1009 1183 erat,
1037 1106 1072 1168 in
1092 1125 1123 1174 15

58 1216 157 1279 quam
193 1194 343 1259 vehicula
381 1197 501 1272 onusta¹
533 1193 757 1277 perduxerant
815 1193 1071 1277 Expectantibus

59 1282 200 1367 cunctis,
223 1281 300 1366 quid
319 1281 431 1346 deinde
451 1285 537 1346 esset
559 1282 788 1365 imperaturus,
811 1284 954 1346 iumenta
977 1282 1072 1345 iussit

58 1371 175 1435 abduci
203 1370 331 1453 suisque
358 1372 500 1454 primum
528 1368 664 1434 sarcinis
691 1371 761 1435 face
790 1370 920 1434 subdita
949 1375 1071 1435 ceteras

59 1458 186 1523 incendi
222 1459 396 1542 praecepit.
451 1458 666 1543 Flagrabant
684 1458 891 1523 exurentibus
923 1459 1072 1542 dominis,
1093 1487 1125 1536 15

59 1569 142 1631 quae
170 1550 207 1610 ut
233 1547 358 1611 intacta
386 1568 424 1610 ex
451 1546 587 1611 urbibus
614 1547 760 1611 hostium
784 1552 949 1631 raperent,
978 1568 1072 1630 saepe

60 1637 208 1699 flammas
227 1636 456 1712 restinxerunt,
475 1634 565 1699 nullo
589 1635 756 1721 sanguinis
775 1637 916 1718 pretium
936 1635 1072 1699 audente

60 1724 189 1806 deflere,
216 1743 289 1788 cum
317 1725 424 1807 regias
452 1744 529 1806 opes
552 1723 637 1788 idem
664 1724 751 1807 ignis
775 1726 930 1788 exureret.
976 1723 1073 1788 Brevi
1094 1751 1126 1800 1⁷

60 1811 176 1876 deinde
196 1811 281 1875 ratio
304 1811 468 1896 mitigavit
496 1811 640 1876 dolorem
667 1812 855 1895 habilesque
878 1811 1017 1875 militiae
1041 1816 1074 1875 et

61 1899 103 1964 ad
127 1900 237 1964 omnia
258 1900 368 1982 parati
390 1899 598 1964 laetabantur
621 1901 819 1964 sarcinarum
842 1900 952 1983 potius
976 1922 1072 1984 quam

10 2008 49 2072 22
61 1987 251 2071 disciplinae
273 1987 389 2052 fecisse
412 1989 578 2052 iacturam.
614 1987 720 2072 Igitur
740 1988 946 2052 Bactrianam
970 1989 1072 2072 regio·
1095 2015 1127 2066 18

60 2098 136 2141 nem
155 2077 319 2160 petebant.
357 2074 420 2139 Sed
435 2074 590 2159 Nicanor,
609 2075 832 2141 Parmenionis
846 2076 945 2157 filius,
965 2076 1074 2140 subita

59 2168 167 2229 morte
185 2166 352 2248 correptus
370 2183 489 2248 magno
510 2163 666 2227 desiderio
687 2166 737 2228 sui
757 2164 918 2228 adfecerat
932 2170 1074 2230 cunctos.

60 2253 132 2318 Rex
161 2256 237 2317 ante
265 2273 377 2317 omnes
401 2255 542 2316 maestus
571 2252 722 2335 cupiebat
746 2252 875 2336 quidem
899 2253 1074 2317 subsistere
1094 2283 1127 2332 19

60 2341 167 2406 funeri
196 2340 376 2422 adfuturus,
409 2339 466 2402 sed
492 2340 628 2423 penuria
654 2347 889 2406 commeatuum
919 2341 1074 2405 festinare

61 2430 209 2514 cogebat.
254 2429 368 2512 Itaque
390 2427 540 2492 Philotas
568 2449 639 2492 cum
668 2428 792 2494 duobus
818 2429 959 2493 milibus·
973 2435 1005 2494 et
1028 2447 1074 2494 nc

60 2519 210 2601 relictus,
233 2521 271 2582 nt
292 2517 379 2581 iusta
400 2515 495 2580 fratri
517 2518 728 2600 persolveret:
752 2519 822 2600 ipse
845 2517 1011 2582 contendit
1034 2519 1074 2581 ad

60 2607 209 2670 Bessum.

150 2693 218 2758 Iter
240 2693 373 2758 facienti
397 2695 426 2757 ei
450 2695 580 2758 litterae
606 2693 795 2757 adferuntur
818 2716 837 2758 a
859 2693 1006 2758 finitimis
1026 2717 1074 2759 sa·
1092 2724 1127 2774 20

59 2787 243 2867 trapetum,
272 2781 429 2866 equibus
454 2784 620 2866 cognoscit
643 2782 779 2871 Bessum
808 2782 936 2865 quidem
960 2784 1074 2847 hostili

62 2873 173 2937 animo
198 2891 363 2935 cucumere
387 2893 459 2936 cum
484 2872 638 2954 exercitu,
667 2875 807 2935 ceterum
833 2869 1074 2956 Satibarzanen,

62 2981 160 3045 quem
189 2962 356 3042 satrapeae
384 2959 537 3025 Ariorum
566 2961 634 3043 ipse
666 2958 887 3043 praefecisset,
919 2959 1074 3025 defecisse

62 3050 104 3114 ab
133 3070 180 3114 eo.
230 3046 346 3131 Itaque
374 3071 569 3134 quamquam
599 3047 698 3111 Besso
727 3047 932 3132 imminebat,
964 3054 1073 3114 tamen
1092 3079 1125 3128 21

61 3136 296 3202 Satibarzanen
323 3138 571 3220 opprimendum
601 3136 764 3220 praeverti
794 3137 951 3218 optimum
983 3141 1073 3202 ratus

61 3227 167 3292 levem
197 3229 393 3290 armaturam
421 3230 454 3290 et
482 3230 646 3310 equestres
674 3224 784 3307 copias
807 3223 913 3289 educit
939 3229 1074 3310 totaque

57 3320 158 3387 ¹nocte
177 3314 293 3378 itinere
312 3317 442 3379 strenue
464 3315 551 3380 facto
570 3314 754 3397 inprovisus
773 3312 862 3378 hosti
882 3316 1074 3398 supervenit.

61 3398 162 3469 Culus
178 3404 310 3485 cognito
326 3402 464 3468 adventu
476 3403 700 3469 Satibarzanes
715 3424 788 3467 cum
803 3402 927 3467 duobus
942 3404 1073 3467 milibus
1093 3433 1126 3480 22

60 3492 209 3578 equitum
239 3526 277 3537 -
307 3512 366 3555 nec
397 3493 506 3574 plures
539 3493 645 3557 subito
673 3491 822 3557 contrahi
851 3495 1007 3572 poterant
1031 3527 1074 3536 --

58 3582 184 3647 Baetra
198 3579 357 3665 perfugit,
381 3583 481 3648 ceteri
500 3582 674 3669 proximos
689 3584 827 3648 montes
845 3574 1113 3652 occupassem&-

106 3693 201 3734 σηπίαι
213 3695 297 3737 Rufus.
940 3679 962 3721 ἦ
