2356 3846
249 139 504 196 HISTORIARUM
521 139 737 196 ALEXANDRI
754 139 843 203 vnn,
861 147 886 197 8.
1007 141 1072 206 249

56 284 184 351 xander
200 285 300 351 tertio
317 285 378 367 die,
401 307 498 369 quam
517 289 668 369 coeperat
687 285 842 370 obsidere,
866 287 1072 371 expugnavit.

55 372 106 439 Et
128 372 334 455 Porticanus,
361 395 433 440 cum
455 373 491 437 in
513 395 620 438 arcem
643 373 854 457 confugisset,
881 374 1009 460 legatos
1032 375 1124 439 dela

57 461 250 528 condicione
277 462 449 527 deditionis
479 461 571 527 misit
597 461 638 526 ad
664 482 787 548 regem:
820 462 876 528 sed
900 467 1072 547 antequam

58 550 189 615 adirent
215 571 303 635 eum,
329 549 411 615 duae
438 553 543 615 turres
571 570 644 615 cum
667 550 794 635 ingenti
815 550 945 635 fragore
968 552 1073 635 proci·

59 638 186 722 derant,
205 660 264 722 per
281 660 419 722 quarum
434 639 544 703 ruinas
559 637 750 704 Macedones
765 661 894 704 evasere
908 640 944 704 in
957 661 1073 724 arcem,

59 749 127 812 qua
148 730 247 811 capta
268 725 459 792 Porticanus
482 748 555 793 cum
570 727 681 810 paucis
700 747 886 811 repugnans
907 728 1072 794 occiditur.

10 814 49 881 52
150 814 267 880 Diruta
284 814 387 900 igitur
405 837 477 880 arce
497 820 530 879 et
549 816 698 880 omnibus
716 816 852 898 captivis
869 818 1072 882 venumdatis
1093 825 1124 873 13

58 901 175 969 Sambi
200 904 288 989 regis
315 904 395 969 fines
425 905 588 988 ingressus
619 907 669 969 est
691 904 867 988 multisque
889 905 1015 988 oppidis
1038 907 1073 970 in

57 991 159 1057 fidem
195 993 334 1075 acceptis
370 992 602 1058 validissimam
639 993 745 1076 gentis
780 993 892 1056 urbem
925 994 1072 1059 cuniculo

58 1079 157 1165 cepit.
186 1078 342 1145 Barbarie
361 1081 468 1145 simile
486 1080 624 1146 monstri
641 1081 747 1146 visum
764 1081 975 1164 estprudibus
989 1083 1072 1146 mili·
1092 1088 1126 1137 14

57 1168 183 1235 tarium
209 1190 357 1253 operum:
386 1170 506 1254 quippe
533 1170 569 1233 in
595 1169 701 1233 media
727 1168 829 1234 ferme
852 1170 931 1233 urbe
955 1172 1072 1234 armati

56 1260 149 1333 terra
180 1257 364 1323 existebant
396 1257 486 1323 nullo
518 1257 648 1323 suffossi
678 1279 792 1341 specus
825 1261 900 1322 ante
931 1259 1072 1343 vestigio

56 1345 158 1411 facto.
193 1362 291 1410 Lxxx
308 1346 399 1410 milia
416 1344 570 1410 Indorum
588 1345 622 1409 in
640 1368 679 1410 ea
696 1346 829 1430 regione
848 1366 942 1411 caesa
956 1344 1071 1412 Clitar·
1092 1353 1125 1403 15

57 1432 140 1499 chus
159 1437 210 1499 est
228 1437 340 1499 auctor
357 1436 542 1517 multosque
561 1435 706 1516 captivos
725 1434 785 1499 sub
805 1454 922 1500 corona
937 1436 1073 1501 venisse.

55 1520 185 1587 Rursus
202 1520 362 1595 Musicani
380 1521 571 1604 defecerunt,
590 1521 629 1587 ad
648 1542 728 1605 quos
748 1522 976 1606 opprimendos
996 1523 1072 1588 mis·
1093 1530 1126 1580 16

58 1631 115 1677 ans
138 1612 190 1675 est
208 1609 340 1695 Pithon,
362 1610 416 1695 qui
439 1615 570 1694 captum
593 1610 771 1693 prinoipem
796 1611 903 1695 gentis
923 1612 1072 1676 eundem-

56 1719 123 1783 que
157 1697 347 1764 deiectionis
385 1703 549 1764 auctorem
584 1698 719 1762 adduxit
755 1697 796 1762 ad
832 1718 952 1782 regem.
1002 1699 1072 1776 Quo

55 1786 243 1851 Alexander
270 1786 305 1850 in
332 1809 458 1852 crucem
487 1787 615 1852 sublato
643 1808 755 1851 rursus
783 1808 923 1871 amnem,
950 1787 1072 1873 inquo

56 1874 198 1941 classem
223 1878 391 1958 expectare
415 1895 448 1939 se
471 1875 623 1958 iusserat,
645 1875 774 1958 repetit.

149 1960 272 2039 Quarto
308 1962 422 2028 deinde
458 1962 508 2027 die
544 1963 683 2027 secundo
721 1984 814 2027 amne
853 1962 1001 2046 pervenit
1033 1962 1073 2027 ad
1093 1971 1124 2020 1⁷

56 2072 80 2119 ο
102 2050 229 2136 pidum,
256 2051 342 2136 quod
368 2051 403 2115 in
430 2071 530 2137 regno
557 2052 620 2117 imo
644 2054 714 2116 erat
737 2048 858 2115 Sambi.
902 2049 1014 2133 Nuper
1038 2073 1073 2115 se

54 2072 118 2205 ille
141 2139 319 2223 dediderat,
341 2140 397 2207 sed
420 2139 574 2224 oppidani
596 2139 821 2204 detrectabant
845 2139 1017 2221 imperium
1041 2142 1074 2203 et

56 2228 246 2295 clauserant
261 2231 383 2313 portas.
419 2226 563 2304 Quorum
584 2229 748 2311 paucitate
766 2231 953 2310 contempta
972 2248 1030 2292 rex
1048 2246 1073 2291 1>
1094 2233 1126 2283 18

56 2316 226 2403 Agrianos
257 2317 385 2382 moenia
417 2316 526 2381 subire
557 2316 654 2380 iussit
683 2319 716 2380 et
743 2316 862 2380 sensim
889 2314 1074 2380 recedentes

58 2405 177 2471 elicere
209 2408 301 2469 extra
336 2425 447 2470 muros
478 2403 607 2469 hostem
639 2407 821 2469 secuturum
852 2403 1013 2487 profecto,
1046 2404 1073 2468 si

56 2492 173 2579 fugere
201 2513 256 2558 eos
283 2492 438 2558 crederet.
481 2491 632 2575 Agriani,
660 2491 744 2556 siout
769 2491 965 2573 imperatum
993 2494 1126 2573 erat,19

57 2581 212 2647 lacessito
243 2576 338 2645 hoste¹
365 2579 472 2644 subito
500 2584 594 2664 terga
620 2582 800 2644 verterunt:
833 2599 914 2662 quos
941 2579 1074 2643 barbari

59 2669 160 2736 effiisc
184 2672 355 2752 sequentes
377 2668 412 2732 in
434 2667 527 2750 alios,
549 2668 635 2731 inter
658 2688 738 2751 qnos
761 2667 830 2749 ipse
848 2688 906 2730 rex
924 2667 1074 2749 eratin·

59 2757 180 2824 sidunt
219 2756 389 2822 Renovato
417 2774 494 2840 crgo
516 2755 642 2838 proelio
672 2776 710 2819 ex
734 2771 774 2818 111
797 2754 931 2819 milibus
959 2753 1074 2818 barba·

58 2867 172 2913 rorum
202 2861 251 2911 Do
282 2844 368 2909 caesi
399 2847 490 2927 sunt,
521 2843 611 2907 mille
644 2843 744 2927 capti,
775 2842 873 2907 ceteri
903 2842 1073 2907 moenibus

10 2933 50 2999 33
59 2934 152 2999 urbis
174 2932 301 2999 inclusi.
341 2929 403 2997 Sed
425 2953 491 2996 non
509 2933 547 2995 ut
564 2931 670 3014 prima
689 2930 794 3016 specie
816 2930 904 2994 laeta
928 2931 1073 3008 victoria,
1091 2939 1127 2990 20

58 3024 108 3088 ita
126 3025 244 3087 eventu
263 3041 389 3106 quoque
403 3018 476 3101 fuit,
495 3019 613 3102 quippe
627 3017 758 3083 barbari
772 3039 894 3083 veneno
909 3019 1075 3084 tinxerant

58 3110 196 3197 gladios.
240 3107 355 3193 Itaque
380 3107 481 3172 saucii
504 3106 638 3171 subinde
663 3107 871 3189 exspirabant
894 3128 953 3171 neo
977 3128 1075 3171 causa

57 3202 128 3265 tam
150 3201 302 3264 strenuae
320 3196 434 3260 mortis
453 3194 631 3280 excogitari
649 3198 778 3279 poterat
796 3217 816 3259 a
833 3193 977 3278 medicis,
999 3216 1072 3259 oum

58 3288 159 3353 etiam
178 3286 266 3351 leves
288 3285 404 3369 plagae
426 3283 623 3349 insanabiles
647 3285 764 3347 essent.
804 3281 942 3347 Barbari
966 3287 1074 3348 autern
1092 3292 1125 3341 21

59 3376 269 3460 speraverant
303 3373 470 3438 incautum
506 3375 539 3435 at
574 3371 784 3437 temerarium
822 3390 933 3454 regem
970 3372 1074 3454 excipi

57 3485 163 3548 posse.
198 3460 245 3527 Et
266 3461 350 3527 forte
372 3461 457 3525 inter
477 3460 737 3545 promptissimos
756 3459 912 3523 dimicans
931 3459 1073 3524 intactus

57 3552 212 3617 eraserat
246 3548 426 3636 Praecipue
448 3547 675 3636 Ptolemaeus,
689 3548 791 3615 laeuo
806 3544 1097 3611 numerosum
1103 3550 1151 3593 us
