2356 3846
213 150 466 207 nrsroumuun
484 151 699 207 muranum
718 153 766 222 vx,
785 159 810 208 4.
830 158 856 209 s.
982 153 1046 218 125
1167 204 1171 211 .

26 295 154 360 Novem
181 295 326 379 iuvenes,
358 316 469 361 omnes
498 295 610 361 eadem
638 300 743 361 matre
772 296 889 381 geniti,
919 301 1082 381 patrem4

26 384 282 450 comitabantur:
308 384 369 449 hos
397 382 579 448 Artabazus
608 384 759 450 dexterae
786 386 873 469 regis
902 386 1047 450 admovit

25 475 188 556 precatus,
210 476 340 537 uttam
362 472 418 537 diu
439 473 595 555 viverent,
617 473 718 536 donec
740 472 838 537 utiles
860 472 1045 539 Alexandro

28 565 147 626 essent.
200 560 269 625 Rex
301 560 436 644 pedibus
469 561 532 625 iter
560 562 747 644 plerumque
779 560 933 626 faciebat:
967 567 1080 627 tunc5

27 648 197 713 admoveri
225 648 288 713 sibi
316 653 349 713 et
375 648 539 714 Artabazo
568 670 667 732 equos
694 649 804 731 iussit,
832 671 873 714 ne
902 652 973 734 ipso
997 652 1045 715 in·

27 737 196 820 gradiente
214 736 350 820 pedibus
369 757 466 802 senex
484 758 566 820 equo
590 736 665 801 vehi
688 738 899 802 erubesceret

10 843 18 907 ',
119 823 165 889 Ut
183 824 297 890 deinde
316 822 423 890 castia
442 829 518 889 sunt
535 825 652 908 posita,
676 824 826 908 Graecos,
849 847 930 909 quos
949 828 1046 892 Arta·
1065 851 1081 900 s

27 913 129 978 banus
162 913 354 996 adduxerat,
387 913 558 978 convocari
584 913 686 977 iubet:
720 919 754 978 at
783 914 845 996 illi,
875 915 938 978 nisi
965 914 1046 979 fides

29 999 293 1066 Lacedaemoniis
312 1023 440 1085 quoque
460 1005 493 1066 et
507 999 739 1084 Sinopensibus
758 1002 897 1084 daretur,
914 1024 1047 1085 respon·

28 1088 108 1153 dent
132 1111 175 1172 se,
198 1089 276 1173 quid
299 1091 459 1174 agendum
483 1090 562 1172 ipsis
585 1089 681 1172 foret,
702 1089 946 1154 deliberaturos.
987 1091 1081 1155 Lar

28 1178 101 1260 gati
130 1181 224 1241 erant
249 1176 577 1242 Lacedaemoniorum
606 1178 699 1242 missi
728 1177 768 1241 ad
795 1176 952 1260 Dareum,
982 1201 1046 1262 quo

28 1265 117 1330 uicto
150 1265 373 1349 adplicuerant
405 1287 438 1330 se
470 1264 600 1331 Graecis
633 1266 779 1330 mercede
812 1267 897 1349 apud
930 1266 1046 1331 Persas

29 1353 260 1418 militantibus.
291 1352 360 1418 Rex
378 1354 509 1418 omissis
528 1354 738 1437 sponsionum
753 1355 890 1438 fideique
904 1355 1047 1438 pignori·
1065 1369 1081 1419 8

29 1441 91 1505 bus
120 1442 229 1505 venire
255 1463 309 1506 eos
338 1442 447 1524 iussit,
473 1440 652 1524 fortunam,
681 1464 778 1525 quam
805 1443 874 1524 ipse
897 1444 1047 1526 dedisset,

28 1529 211 1594 habituros.
251 1526 317 1594 Diu
341 1532 530 1595 cunctantes
553 1531 716 1613 plerisque
738 1532 874 1595 consilia
892 1533 1047 1596 varianti-

28 1618 92 1682 bus
120 1616 250 1682 tandem
277 1621 429 1682 venturos
456 1626 490 1680 se
517 1618 723 1701 pollicentur.
768 1620 814 1682 At
837 1619 1082 1685 Democratesa

30 1704 255 1786 Atheniensis,
283 1706 338 1789 qui
366 1706 506 1770 maxime
533 1705 748 1770 Macedonum
775 1707 892 1788 opibus
921 1730 1047 1791 semper

31 1793 214 1871 obstiterat,
232 1794 327 1858 uenia
349 1793 517 1877 desperata
536 1794 646 1879 gladio
666 1816 699 1858 se
717 1794 893 1879 transfigit.
929 1794 1048 1877 Ceteri,

31 1883 116 1946 sicut
138 1882 382 1966 constituerant,
406 1882 525 1946 dicioni
546 1881 722 1946 Alexandri
744 1883 834 1965 ipsos
858 1905 892 1947 se
915 1885 1047 1968 permit

30 1973 114 2034 tunt.
168 1969 259 2033 Mille
291 1973 324 2034 et
350 1988 374 2034 n
403 1970 524 2034 milites
554 1974 661 2035 erant:
691 1975 821 2054 praeter
852 1972 913 2035 hos
946 1972 1048 2056 legati
1067 1989 1100 2038 10
1153 1971 1156 1978 ’

31 2058 71 2122 ad
98 2056 243 2123 Dareum
269 2058 363 2123 missi
388 2075 444 2124 xc.
494 2057 533 2123 In
562 2059 824 2142 supplementum
852 2058 1046 2123 distributus

31 2145 141 2229 miles,
171 2146 269 2211 ceteri
296 2146 424 2210 remissi
451 2151 582 2210 domum
611 2150 739 2227 praeter
764 2146 1047 2232 Lacedaemonios

10 2232 485 2405 ,quoshppardlzplpmoplspppeass
501 2238 636 2385 dddsfiiiis
650 2320 843 2406 Hyrcaniae,
858 2324 946 2388 cultu
960 2325 1047 2389 vitae
1068 2345 1098 2392 11

31 2431 149 2495 aspera
182 2412 215 2474 et
242 2409 423 2474 latrociniis
450 2408 597 2474 adsueta:
629 2409 709 2474 haec
737 2411 808 2475 sola
834 2433 893 2476 nec
920 2413 1047 2496 legatos

30 2499 167 2564 miserat
198 2518 256 2562 nec
283 2497 453 2564 videbatur
479 2498 639 2582 imperata
666 2498 800 2563 factura.
848 2498 964 2583 Itaque
991 2522 1048 2565 rex

30 2587 235 2670 indignatus,
265 2586 294 2650 si
323 2608 387 2650 una
419 2606 498 2671 gens
529 2590 641 2670 posset
669 2586 807 2669 efficere,
840 2608 880 2651 ne
908 2589 1048 2652 invictus

30 2678 128 2757 esset,
151 2674 380 2758 inpedimentis
404 2695 476 2739 cum
499 2675 660 2758 praesidio
683 2674 807 2738 relictis
825 2675 932 2740 valida
950 2697 1047 2739 manu

31 2764 211 2829 comitante
231 2761 386 2847 procedit.
430 2761 540 2828 Noctu
563 2763 627 2827 iter
649 2762 772 2826 fecerat
794 2766 827 2826 ot
848 2764 954 2847 prima
977 2763 1047 2828 luce
1068 2784 1100 2832 1⁶2

30 2851 138 2916 hostis
157 2851 193 2915 in
211 2854 384 2933 conspectu
403 2854 479 2915 erat.
520 2850 693 2915 Tumultus
711 2851 816 2934 magis
836 2873 933 2934 quam
956 2874 1047 2934 proe-

30 2941 115 3006 lium
137 2939 208 3004 fuit
259 2937 434 3003 Deturbati
457 2961 496 3003 ex
519 2941 670 3023 collibus,
698 2961 777 3022 quos
802 2946 1048 3024 occupaverant,

30 3028 165 3094 barbari
188 3028 403 3111 profugerunt
426 3028 625 3111 proximique
649 3028 711 3091 vici
735 3027 775 3091 ab
794 3028 910 3092 incolis
929 3028 1047 3093 deserti

31 3118 214 3200 capiuntur.
267 3115 428 3181 Interiora
458 3117 602 3200 regionis
635 3116 704 3180 eius
735 3116 822 3181 haud
855 3138 931 3181 sane
965 3118 1047 3181 adiri
1068 3137 1100 3186 13

32 3206 102 3272 sine
126 3225 246 3288 magna
269 3205 439 3270 vexatione
462 3206 619 3269 exercitus
647 3208 808 3287 poterant.
852 3203 935 3289 Iuga
957 3227 1046 3269 mon-

30 3294 115 3360 tium
149 3293 315 3377 praealtae
344 3293 445 3358 silvae
476 3314 635 3377 rupesque
668 3293 773 3357 inviae
806 3294 968 3376 saepiunt:
1001 3315 1048 3377 ea,

31 3404 116 3466 quae
138 3382 239 3465 plana
261 3383 349 3464 sunt,
376 3402 459 3446 novo
488 3382 682 3446 munimenti
705 3402 822 3465 genere
845 3382 1048 3465 inpedierant

30 3469 173 3537 barbari.
218 3468 360 3534 Arbores
389 3469 506 3534 densae
534 3473 610 3534 sunt
636 3469 675 3533 de
703 3469 862 3534 industria
889 3471 1047 3534 consitae:
1068 3490 1100 3538 14

30 3580 171 3645 quarum
193 3561 322 3623 teneros
346 3557 452 3623 adhuc
472 3580 584 3625 ramos
606 3579 712 3624 manu
729 3558 891 3635 beabunt,
908 3576 998 3635 suas
1010 3557 1067 3611 ‘xs-
