<?xml version="1.0" encoding="UTF-8"?>
<!DOCTYPE html PUBLIC "-//W3C//DTD XHTML 1.0 Transitional//EN"
    "http://www.w3.org/TR/xhtml1/DTD/xhtml1-transitional.dtd">
<html xmlns="http://www.w3.org/1999/xhtml" xml:lang="en" lang="en">
 <head>
  <title>
</title>
<meta http-equiv="Content-Type" content="text/html;charset=utf-8" />
  <meta name='ocr-system' content='tesseract 3.04.00' />
  <meta name='ocr-capabilities' content='ocr_page ocr_carea ocr_par ocr_line ocrx_word'/>
</head>
<body>
  <div class='ocr_page' id='page_1' title='image "./incertiauctoris00heydgoog_0254.png"; bbox 0 0 2356 3846; ppageno 0'>
   <div class='ocr_carea' id='block_1_1' title="bbox 120 157 761 226">
    <p class='ocr_par' dir='ltr' id='par_1_1' title="bbox 120 157 761 226">
     <span class='ocr_line' id='line_1_1' title="bbox 120 157 761 226; baseline -0.002 -11"><span class='ocrx_word' id='word_1_1' title='bbox 120 157 185 224; x_wconf 83' lang='grc'><strong>218</strong></span> <span class='ocrx_word' id='word_1_2' title='bbox 497 160 529 226; x_wconf 80' lang='lat' dir='ltr'><strong>Q.</strong></span> <span class='ocrx_word' id='word_1_3' title='bbox 548 158 658 215; x_wconf 74' lang='lat' dir='ltr'><strong>suun</strong></span> <span class='ocrx_word' id='word_1_4' title='bbox 674 158 761 216; x_wconf 77' lang='lat' dir='ltr'><strong>RUFI</strong></span> 
     </span>
    </p>
   </div>
   <div class='ocr_carea' id='block_1_2' title="bbox 68 301 1132 1094">
    <p class='ocr_par' dir='ltr' id='par_1_2' title="bbox 68 301 1132 1094">
     <span class='ocr_line' id='line_1_2' title="bbox 120 301 1129 389; baseline 0 -21"><span class='ocrx_word' id='word_1_5' title='bbox 120 303 186 369; x_wconf 90' lang='lat' dir='ltr'><strong>suis</strong></span> <span class='ocrx_word' id='word_1_6' title='bbox 215 325 287 368; x_wconf 90' lang='lat' dir='ltr'><strong>cum</strong></span> <span class='ocrx_word' id='word_1_7' title='bbox 319 303 433 369; x_wconf 88' lang='lat' dir='ltr'><strong>iisdem</strong></span> <span class='ocrx_word' id='word_1_8' title='bbox 464 303 660 389; x_wconf 80' lang='lat' dir='ltr'>insignibus,</span> <span class='ocrx_word' id='word_1_9' title='bbox 691 304 765 388; x_wconf 88' lang='lat' dir='ltr'><strong>quis</strong></span> <span class='ocrx_word' id='word_1_10' title='bbox 798 301 1027 387; x_wconf 82' lang='lat' dir='ltr'><strong>adsueverant,</strong></span> <span class='ocrx_word' id='word_1_11' title='bbox 1058 322 1129 370; x_wconf 87' lang='lat' dir='ltr'><strong>cum</strong></span> 
     </span>
     <span class='ocr_line' id='line_1_3' title="bbox 69 390 1129 476; baseline 0.005 -24"><span class='ocrx_word' id='word_1_12' title='bbox 69 404 102 453; x_wconf 76' lang='lat'><strong>1⁷</strong></span> <span class='ocrx_word' id='word_1_13' title='bbox 121 392 228 476; x_wconf 84' lang='lat' dir='ltr'><strong>ipsum</strong></span> <span class='ocrx_word' id='word_1_14' title='bbox 251 391 414 456; x_wconf 79' lang='lat' dir='ltr'><strong>veherent.</strong></span> <span class='ocrx_word' id='word_1_15' title='bbox 454 391 543 469; x_wconf 82' lang='lat' dir='ltr'><strong>Quae</strong></span> <span class='ocrx_word' id='word_1_16' title='bbox 566 391 747 457; x_wconf 79' lang='lat' dir='ltr'>liberalitas</span> <span class='ocrx_word' id='word_1_17' title='bbox 771 390 854 457; x_wconf 90' lang='lat' dir='ltr'><strong>sicut</strong></span> <span class='ocrx_word' id='word_1_18' title='bbox 875 390 1053 457; x_wconf 88' lang='lat' dir='ltr'><strong>barbarum</strong></span> <span class='ocrx_word' id='word_1_19' title='bbox 1076 391 1129 457; x_wconf 94' lang='lat' dir='ltr'><strong>ob·</strong></span> 
     </span>
     <span class='ocr_line' id='line_1_4' title="bbox 119 478 1130 568; baseline -0.001 -23"><span class='ocrx_word' id='word_1_20' title='bbox 119 481 307 568; x_wconf 77' lang='lat' dir='ltr'><strong>strinxerat,</strong></span> <span class='ocrx_word' id='word_1_21' title='bbox 334 480 382 544; x_wconf 91' lang='lat' dir='ltr'><strong>ita</strong></span> <span class='ocrx_word' id='word_1_22' title='bbox 409 482 529 546; x_wconf 90' lang='lat' dir='ltr'><strong>amicos</strong></span> <span class='ocrx_word' id='word_1_23' title='bbox 556 480 658 564; x_wconf 88' lang='lat' dir='ltr'><strong>ipsius</strong></span> <span class='ocrx_word' id='word_1_24' title='bbox 686 479 893 545; x_wconf 82' lang='lat' dir='ltr'><strong>vehementer</strong></span> <span class='ocrx_word' id='word_1_25' title='bbox 914 478 1059 545; x_wconf 82' lang='lat' dir='ltr'><strong>offendit</strong></span> <span class='ocrx_word' id='word_1_26' title='bbox 1102 478 1130 544; x_wconf 78' lang='lat' dir='ltr'><strong>n</strong></span> 
     </span>
     <span class='ocr_line' id='line_1_5' title="bbox 120 566 1132 653; baseline 0.001 -22"><span class='ocrx_word' id='word_1_27' title='bbox 120 568 236 651; x_wconf 90' lang='lat' dir='ltr'><strong>quibus</strong></span> <span class='ocrx_word' id='word_1_28' title='bbox 255 566 420 652; x_wconf 80' lang='lat' dir='ltr'><strong>Meleager</strong></span> <span class='ocrx_word' id='word_1_29' title='bbox 442 590 540 652; x_wconf 87' lang='lat' dir='ltr'><strong>super</strong></span> <span class='ocrx_word' id='word_1_30' title='bbox 562 589 674 634; x_wconf 89' lang='lat' dir='ltr'><strong>cenam</strong></span> <span class='ocrx_word' id='word_1_31' title='bbox 697 567 838 651; x_wconf 90' lang='lat' dir='ltr'><strong>largiore</strong></span> <span class='ocrx_word' id='word_1_32' title='bbox 859 567 935 632; x_wconf 80' lang='lat' dir='ltr'><strong>vino</strong></span> <span class='ocrx_word' id='word_1_33' title='bbox 959 588 1038 633; x_wconf 88' lang='lat' dir='ltr'><strong>usus</strong></span> <span class='ocrx_word' id='word_1_34' title='bbox 1061 587 1132 653; x_wconf 83' lang='lat' dir='ltr'><strong>gra·</strong></span> 
     </span>
     <span class='ocr_line' id='line_1_6' title="bbox 119 653 1132 740; baseline 0.002 -21"><span class='ocrx_word' id='word_1_35' title='bbox 119 656 218 720; x_wconf 89' lang='lat' dir='ltr'><strong>tulari</strong></span> <span class='ocrx_word' id='word_1_36' title='bbox 241 676 275 720; x_wconf 90' lang='lat' dir='ltr'><strong>se</strong></span> <span class='ocrx_word' id='word_1_37' title='bbox 298 656 480 721; x_wconf 84' lang='lat' dir='ltr'><strong>Alexandro</strong></span> <span class='ocrx_word' id='word_1_38' title='bbox 503 656 597 740; x_wconf 84' lang='lat' dir='ltr'><strong>dixit,</strong></span> <span class='ocrx_word' id='word_1_39' title='bbox 625 655 710 740; x_wconf 91' lang='lat' dir='ltr'><strong>quod</strong></span> <span class='ocrx_word' id='word_1_40' title='bbox 737 654 854 721; x_wconf 90' lang='lat' dir='ltr'><strong>saltem</strong></span> <span class='ocrx_word' id='word_1_41' title='bbox 876 655 911 721; x_wconf 90' lang='lat' dir='ltr'><strong>in</strong></span> <span class='ocrx_word' id='word_1_42' title='bbox 939 653 1035 721; x_wconf 88' lang='lat' dir='ltr'><strong>India</strong></span> <span class='ocrx_word' id='word_1_43' title='bbox 1061 677 1132 740; x_wconf 91' lang='lat' dir='ltr'><strong>rep·</strong></span> 
     </span>
     <span class='ocr_line' id='line_1_7' title="bbox 68 742 1131 830; baseline 0.006 -27"><span class='ocrx_word' id='word_1_44' title='bbox 68 756 100 805; x_wconf 85' lang='lat'><strong>18</strong></span> <span class='ocrx_word' id='word_1_45' title='bbox 119 743 259 827; x_wconf 87' lang='lat' dir='ltr'><strong>perisset</strong></span> <span class='ocrx_word' id='word_1_46' title='bbox 291 744 426 830; x_wconf 90' lang='lat' dir='ltr'><strong>dignum</strong></span> <span class='ocrx_word' id='word_1_47' title='bbox 457 745 589 810; x_wconf 86' lang='lat' dir='ltr'><strong>talentis</strong></span> <span class='ocrx_word' id='word_1_48' title='bbox 626 744 725 809; x_wconf 90' lang='lat' dir='ltr'><strong>mille.</strong></span> <span class='ocrx_word' id='word_1_49' title='bbox 780 742 851 808; x_wconf 83' lang='lat' dir='ltr'><strong>Rex</strong></span> <span class='ocrx_word' id='word_1_50' title='bbox 881 743 968 808; x_wconf 91' lang='lat' dir='ltr'><strong>haud</strong></span> <span class='ocrx_word' id='word_1_51' title='bbox 1001 743 1131 828; x_wconf 90' lang='lat' dir='ltr'><strong>oblitus,</strong></span> 
     </span>
     <span class='ocr_line' id='line_1_8' title="bbox 120 830 1132 918; baseline 0.001 -22"><span class='ocrx_word' id='word_1_52' title='bbox 120 853 216 916; x_wconf 91' lang='lat' dir='ltr'><strong>quam</strong></span> <span class='ocrx_word' id='word_1_53' title='bbox 239 853 334 918; x_wconf 81' lang='lat' dir='ltr'><strong>aegre</strong></span> <span class='ocrx_word' id='word_1_54' title='bbox 357 832 504 916; x_wconf 87' lang='lat' dir='ltr'><strong>tulisset,</strong></span> <span class='ocrx_word' id='word_1_55' title='bbox 532 832 617 917; x_wconf 94' lang='lat' dir='ltr'><strong>quod</strong></span> <span class='ocrx_word' id='word_1_56' title='bbox 640 830 762 898; x_wconf 78' lang='lat' dir='ltr'><strong>Clitum</strong></span> <span class='ocrx_word' id='word_1_57' title='bbox 785 832 827 896; x_wconf 94' lang='lat' dir='ltr'><strong>ob</strong></span> <span class='ocrx_word' id='word_1_58' title='bbox 850 831 982 914; x_wconf 81' lang='lat' dir='ltr'><strong>linguae</strong></span> <span class='ocrx_word' id='word_1_59' title='bbox 1004 832 1132 903; x_wconf 83' lang='lat' dir='ltr'><strong>temeri·</strong></span> 
     </span>
     <span class='ocr_line' id='line_1_9' title="bbox 119 918 1131 1005; baseline 0.002 -21"><span class='ocrx_word' id='word_1_60' title='bbox 119 923 221 985; x_wconf 91' lang='lat' dir='ltr'><strong>tatem</strong></span> <span class='ocrx_word' id='word_1_61' title='bbox 236 920 420 1004; x_wconf 82' lang='lat' dir='ltr'><strong>occidisset,</strong></span> <span class='ocrx_word' id='word_1_62' title='bbox 442 921 524 985; x_wconf 87' lang='lat' dir='ltr'><strong>iram</strong></span> <span class='ocrx_word' id='word_1_63' title='bbox 543 919 672 1005; x_wconf 90' lang='lat' dir='ltr'><strong>quidem</strong></span> <span class='ocrx_word' id='word_1_64' title='bbox 690 918 797 986; x_wconf 88' lang='lat' dir='ltr'><strong>tenuit</strong></span> <span class='ocrx_word' id='word_1_65' title='bbox 815 920 871 986; x_wconf 93' lang='lat' dir='ltr'><strong>sed</strong></span> <span class='ocrx_word' id='word_1_66' title='bbox 889 918 987 1003; x_wconf 89' lang='lat' dir='ltr'><strong>dixit,</strong></span> <span class='ocrx_word' id='word_1_67' title='bbox 1005 920 1131 986; x_wconf 82' lang='lat' dir='ltr'><strong>invidos</strong></span> 
     </span>
     <span class='ocr_line' id='line_1_10' title="bbox 118 1007 1062 1094; baseline 0 -22"><span class='ocrx_word' id='word_1_68' title='bbox 118 1007 267 1074; x_wconf 90' lang='lat' dir='ltr'><strong>homines</strong></span> <span class='ocrx_word' id='word_1_69' title='bbox 289 1008 372 1073; x_wconf 89' lang='lat' dir='ltr'>nihil</span> <span class='ocrx_word' id='word_1_70' title='bbox 396 1008 484 1074; x_wconf 90' lang='lat' dir='ltr'><strong>aliud</strong></span> <span class='ocrx_word' id='word_1_71' title='bbox 508 1029 604 1094; x_wconf 86' lang='lat' dir='ltr'><strong>quarn</strong></span> <span class='ocrx_word' id='word_1_72' title='bbox 627 1008 771 1092; x_wconf 89' lang='lat' dir='ltr'><strong>ipsorum</strong></span> <span class='ocrx_word' id='word_1_73' title='bbox 794 1028 866 1073; x_wconf 89' lang='lat' dir='ltr'><strong>esse</strong></span> <span class='ocrx_word' id='word_1_74' title='bbox 888 1010 1062 1073; x_wconf 86' lang='lat' dir='ltr'><strong>tormenta.</strong></span> 
     </span>
    </p>
   </div>
   <div class='ocr_carea' id='block_1_3' title="bbox 527 1164 717 1233">
    <p class='ocr_par' dir='ltr' id='par_1_3' title="bbox 527 1164 717 1233">
     <span class='ocr_line' id='line_1_11' title="bbox 527 1164 717 1233; baseline -0.005 -1"><span class='ocrx_word' id='word_1_75' title='bbox 527 1164 606 1232; x_wconf 77' lang='lat' dir='ltr'><strong>One.</strong></span> <span class='ocrx_word' id='word_1_76' title='bbox 629 1166 717 1233; x_wconf 84' lang='lat' dir='ltr'>XIII.</span> 
     </span>
    </p>
   </div>
   <div class='ocr_carea' id='block_1_4' title="bbox 55 1270 1168 3651">
    <p class='ocr_par' dir='ltr' id='par_1_4' title="bbox 55 1270 1168 3651">
     <span class='ocr_line' id='line_1_12' title="bbox 86 1270 1168 1356; baseline 0.006 -23"><span class='ocrx_word' id='word_1_77' title='bbox 86 1285 101 1333; x_wconf 92' lang='lat'>1</span> <span class='ocrx_word' id='word_1_78' title='bbox 209 1272 344 1337; x_wconf 87' lang='lat' dir='ltr'><strong>Postero</strong></span> <span class='ocrx_word' id='word_1_79' title='bbox 364 1273 415 1337; x_wconf 90' lang='lat' dir='ltr'><strong>die</strong></span> <span class='ocrx_word' id='word_1_80' title='bbox 433 1273 535 1356; x_wconf 92' lang='lat' dir='ltr'><strong>legati</strong></span> <span class='ocrx_word' id='word_1_81' title='bbox 553 1270 713 1337; x_wconf 83' lang='lat' dir='ltr'><strong>Abisarae</strong></span> <span class='ocrx_word' id='word_1_82' title='bbox 733 1270 839 1338; x_wconf 88' lang='lat' dir='ltr'><strong>adiere</strong></span> <span class='ocrx_word' id='word_1_83' title='bbox 857 1291 977 1356; x_wconf 83' lang='lat' dir='ltr'><strong>regem.</strong></span> <span class='ocrx_word' id='word_1_84' title='bbox 1015 1270 1168 1339; x_wconf 83' lang='lat' dir='ltr'><strong>Omniall</strong></span> 
     </span>
     <span class='ocr_line' id='line_1_13' title="bbox 120 1359 1133 1445; baseline 0 -21"><span class='ocrx_word' id='word_1_85' title='bbox 120 1360 238 1425; x_wconf 91' lang='lat' dir='ltr'><strong>dicioni</strong></span> <span class='ocrx_word' id='word_1_86' title='bbox 261 1360 343 1444; x_wconf 88' lang='lat' dir='ltr'><strong>eius,</strong></span> <span class='ocrx_word' id='word_1_87' title='bbox 369 1360 476 1425; x_wconf 89' lang='lat' dir='ltr'><strong>itaut</strong></span> <span class='ocrx_word' id='word_1_88' title='bbox 499 1360 689 1425; x_wconf 87' lang='lat' dir='ltr'><strong>mandatum</strong></span> <span class='ocrx_word' id='word_1_89' title='bbox 712 1364 795 1445; x_wconf 88' lang='lat' dir='ltr'><strong>erat,</strong></span> <span class='ocrx_word' id='word_1_90' title='bbox 817 1359 1056 1445; x_wconf 73' lang='lat' dir='ltr'><strong>permittebant</strong></span> <span class='ocrx_word' id='word_1_91' title='bbox 1083 1361 1133 1425; x_wconf 86' lang='lat' dir='ltr'><strong>lir-</strong></span> 
     </span>
     <span class='ocr_line' id='line_1_14' title="bbox 84 1447 1131 1533; baseline 0.006 -24"><span class='ocrx_word' id='word_1_92' title='bbox 84 1461 101 1508; x_wconf 78' lang='lat' dir='ltr'><strong>a</strong></span> <span class='ocrx_word' id='word_1_93' title='bbox 121 1452 273 1531; x_wconf 81' lang='lat' dir='ltr'><strong>metaque</strong></span> <span class='ocrx_word' id='word_1_94' title='bbox 299 1447 436 1513; x_wconf 85' lang='lat' dir='ltr'><strong>invicem</strong></span> <span class='ocrx_word' id='word_1_95' title='bbox 463 1448 526 1514; x_wconf 87' lang='lat' dir='ltr'><strong>fide</strong></span> <span class='ocrx_word' id='word_1_96' title='bbox 548 1449 760 1514; x_wconf 90' lang='lat' dir='ltr'><strong>remittuntur</strong></span> <span class='ocrx_word' id='word_1_97' title='bbox 783 1447 823 1513; x_wconf 85' lang='lat' dir='ltr'><strong>ad</strong></span> <span class='ocrx_word' id='word_1_98' title='bbox 846 1466 965 1533; x_wconf 90' lang='lat' dir='ltr'><strong>regem.</strong></span> <span class='ocrx_word' id='word_1_99' title='bbox 1010 1447 1131 1515; x_wconf 88' lang='lat' dir='ltr'><strong>Porum</strong></span> 
     </span>
     <span class='ocr_line' id='line_1_15' title="bbox 120 1535 1131 1621; baseline 0.001 -21"><span class='ocrx_word' id='word_1_100' title='bbox 120 1557 247 1621; x_wconf 90' lang='lat' dir='ltr'><strong>quoque</strong></span> <span class='ocrx_word' id='word_1_101' title='bbox 275 1536 416 1601; x_wconf 90' lang='lat' dir='ltr'><strong>nominis</strong></span> <span class='ocrx_word' id='word_1_102' title='bbox 444 1537 495 1602; x_wconf 91' lang='lat' dir='ltr'><strong>sui</strong></span> <span class='ocrx_word' id='word_1_103' title='bbox 521 1536 610 1602; x_wconf 88' lang='lat' dir='ltr'><strong>fama</strong></span> <span class='ocrx_word' id='word_1_104' title='bbox 637 1540 727 1602; x_wconf 85' lang='lat' dir='ltr'><strong>ratus</strong></span> <span class='ocrx_word' id='word_1_105' title='bbox 751 1536 792 1601; x_wconf 85' lang='lat' dir='ltr'><strong>ad</strong></span> <span class='ocrx_word' id='word_1_106' title='bbox 814 1535 1013 1602; x_wconf 87' lang='lat' dir='ltr'><strong>deditionem</strong></span> <span class='ocrx_word' id='word_1_107' title='bbox 1035 1557 1131 1621; x_wconf 85' lang='lat' dir='ltr'><strong>posse</strong></span> 
     </span>
     <span class='ocr_line' id='line_1_16' title="bbox 120 1622 1130 1709; baseline 0.002 -21"><span class='ocrx_word' id='word_1_108' title='bbox 120 1625 276 1707; x_wconf 83' lang='lat' dir='ltr'>conpelli,</span> <span class='ocrx_word' id='word_1_109' title='bbox 299 1623 391 1689; x_wconf 83' lang='lat' dir='ltr'><strong>misit</strong></span> <span class='ocrx_word' id='word_1_110' title='bbox 411 1624 452 1689; x_wconf 88' lang='lat' dir='ltr'><strong>ad</strong></span> <span class='ocrx_word' id='word_1_111' title='bbox 471 1646 544 1689; x_wconf 92' lang='lat' dir='ltr'><strong>eum</strong></span> <span class='ocrx_word' id='word_1_112' title='bbox 562 1622 770 1709; x_wconf 77' lang='lat' dir='ltr'><strong>Cleocharen,</strong></span> <span class='ocrx_word' id='word_1_113' title='bbox 793 1624 848 1709; x_wconf 90' lang='lat' dir='ltr'><strong>qui</strong></span> <span class='ocrx_word' id='word_1_114' title='bbox 866 1623 1078 1691; x_wconf 72' lang='lat' dir='ltr'><strong>denuntiaret</strong></span> <span class='ocrx_word' id='word_1_115' title='bbox 1093 1626 1130 1708; x_wconf 87' lang='lat' dir='ltr'><strong>ci,</strong></span> 
     </span>
     <span class='ocr_line' id='line_1_17' title="bbox 119 1712 1130 1796; baseline 0.003 -20"><span class='ocrx_word' id='word_1_116' title='bbox 119 1716 157 1777; x_wconf 92' lang='lat' dir='ltr'><strong>ut</strong></span> <span class='ocrx_word' id='word_1_117' title='bbox 187 1712 384 1796; x_wconf 85' lang='lat' dir='ltr'><strong>stipendium</strong></span> <span class='ocrx_word' id='word_1_118' title='bbox 415 1713 567 1796; x_wconf 86' lang='lat' dir='ltr'><strong>penderet</strong></span> <span class='ocrx_word' id='word_1_119' title='bbox 598 1717 632 1778; x_wconf 87' lang='lat' dir='ltr'><strong>ct</strong></span> <span class='ocrx_word' id='word_1_120' title='bbox 658 1713 692 1778; x_wconf 91' lang='lat' dir='ltr'><strong>in</strong></span> <span class='ocrx_word' id='word_1_121' title='bbox 721 1712 825 1796; x_wconf 89' lang='lat' dir='ltr'><strong>primo</strong></span> <span class='ocrx_word' id='word_1_122' title='bbox 855 1733 988 1778; x_wconf 85' lang='lat' dir='ltr'><strong>suorum</strong></span> <span class='ocrx_word' id='word_1_123' title='bbox 1016 1713 1130 1779; x_wconf 87' lang='lat' dir='ltr'><strong>finium</strong></span> 
     </span>
     <span class='ocr_line' id='line_1_18' title="bbox 121 1799 1129 1886; baseline 0.003 -22"><span class='ocrx_word' id='word_1_124' title='bbox 121 1799 212 1865; x_wconf 94' lang='lat' dir='ltr'><strong>aditu</strong></span> <span class='ocrx_word' id='word_1_125' title='bbox 234 1805 416 1866; x_wconf 89' lang='lat' dir='ltr'><strong>occurreret</strong></span> <span class='ocrx_word' id='word_1_126' title='bbox 433 1801 512 1886; x_wconf 81' lang='lat' dir='ltr'><strong>regi</strong></span> <span class='ocrx_word' id='word_1_127' title='bbox 552 1799 656 1866; x_wconf 89' lang='lat' dir='ltr'><strong>Porus</strong></span> <span class='ocrx_word' id='word_1_128' title='bbox 679 1801 818 1865; x_wconf 89' lang='lat' dir='ltr'><strong>alterum</strong></span> <span class='ocrx_word' id='word_1_129' title='bbox 840 1822 880 1866; x_wconf 90' lang='lat' dir='ltr'><strong>ex</strong></span> <span class='ocrx_word' id='word_1_130' title='bbox 897 1799 950 1867; x_wconf 89' lang='lat' dir='ltr'><strong>his</strong></span> <span class='ocrx_word' id='word_1_131' title='bbox 968 1800 1129 1867; x_wconf 84' lang='lat' dir='ltr'><strong>facturum</strong></span> 
     </span>
     <span class='ocr_line' id='line_1_19' title="bbox 120 1889 1129 1973; baseline 0.002 -21"><span class='ocrx_word' id='word_1_132' title='bbox 120 1909 191 1953; x_wconf 87' lang='lat' dir='ltr'><strong>sese</strong></span> <span class='ocrx_word' id='word_1_133' title='bbox 209 1889 388 1972; x_wconf 89' lang='lat' dir='ltr'><strong>respondit,</strong></span> <span class='ocrx_word' id='word_1_134' title='bbox 408 1893 446 1954; x_wconf 93' lang='lat' dir='ltr'><strong>ut</strong></span> <span class='ocrx_word' id='word_1_135' title='bbox 463 1889 602 1954; x_wconf 88' lang='lat' dir='ltr'><strong>intranti</strong></span> <span class='ocrx_word' id='word_1_136' title='bbox 618 1909 754 1973; x_wconf 90' lang='lat' dir='ltr'><strong>regnum</strong></span> <span class='ocrx_word' id='word_1_137' title='bbox 773 1909 867 1954; x_wconf 87' lang='lat' dir='ltr'><strong>suum</strong></span> <span class='ocrx_word' id='word_1_138' title='bbox 883 1893 1015 1972; x_wconf 84' lang='lat' dir='ltr'><strong>praesto</strong></span> <span class='ocrx_word' id='word_1_139' title='bbox 1036 1893 1129 1973; x_wconf 84' lang='lat' dir='ltr'><strong>essct,</strong></span> 
     </span>
     <span class='ocr_line' id='line_1_20' title="bbox 83 1975 1128 2061; baseline 0.006 -24"><span class='ocrx_word' id='word_1_140' title='bbox 83 1986 102 2036; x_wconf 75' lang='lat' dir='ltr'><strong>s</strong></span> <span class='ocrx_word' id='word_1_141' title='bbox 121 1976 176 2042; x_wconf 89' lang='lat' dir='ltr'><strong>sed</strong></span> <span class='ocrx_word' id='word_1_142' title='bbox 195 1980 347 2042; x_wconf 87' lang='lat' dir='ltr'><strong>armatus.</strong></span> <span class='ocrx_word' id='word_1_143' title='bbox 381 1975 451 2042; x_wconf 86' lang='lat' dir='ltr'><strong>Iam</strong></span> <span class='ocrx_word' id='word_1_144' title='bbox 464 1975 644 2061; x_wconf 88' lang='lat' dir='ltr'><strong>Hydaspen</strong></span> <span class='ocrx_word' id='word_1_145' title='bbox 658 1976 842 2042; x_wconf 84' lang='lat' dir='ltr'><strong>Alexander</strong></span> <span class='ocrx_word' id='word_1_146' title='bbox 855 1997 1008 2061; x_wconf 86' lang='lat' dir='ltr'><strong>superare</strong></span> <span class='ocrx_word' id='word_1_147' title='bbox 1027 1977 1128 2043; x_wconf 72' lang='lat' dir='ltr'><strong>decre</strong></span> 
     </span>
     <span class='ocr_line' id='line_1_21' title="bbox 120 2063 1127 2149; baseline 0.002 -21"><span class='ocrx_word' id='word_1_148' title='bbox 120 2068 225 2145; x_wconf 82' lang='lat' dir='ltr'><strong>verat,</strong></span> <span class='ocrx_word' id='word_1_149' title='bbox 251 2086 324 2129; x_wconf 90' lang='lat' dir='ltr'><strong>cum</strong></span> <span class='ocrx_word' id='word_1_150' title='bbox 347 2064 555 2149; x_wconf 83' lang='lat' dir='ltr'><strong>Barzaentss‚</strong></span> <span class='ocrx_word' id='word_1_151' title='bbox 580 2065 771 2131; x_wconf 89' lang='lat' dir='ltr'><strong>defectionis</strong></span> <span class='ocrx_word' id='word_1_152' title='bbox 794 2063 985 2131; x_wconf 77' lang='lat' dir='ltr'><strong>Arachosiis</strong></span> <span class='ocrx_word' id='word_1_153' title='bbox 1007 2069 1127 2148; x_wconf 87' lang='lat' dir='ltr'><strong>auctor,</strong></span> 
     </span>
     <span class='ocr_line' id='line_1_22' title="bbox 120 2151 1127 2237; baseline 0.003 -21"><span class='ocrx_word' id='word_1_154' title='bbox 120 2151 246 2217; x_wconf 84' lang='lat' dir='ltr'><strong>vinctus</strong></span> <span class='ocrx_word' id='word_1_155' title='bbox 269 2153 470 2237; x_wconf 84' lang='lat' dir='ltr'><strong>trigintaque</strong></span> <span class='ocrx_word' id='word_1_156' title='bbox 494 2153 660 2237; x_wconf 92' lang='lat' dir='ltr'><strong>elephanti</strong></span> <span class='ocrx_word' id='word_1_157' title='bbox 678 2152 775 2219; x_wconf 90' lang='lat' dir='ltr'><strong>simul</strong></span> <span class='ocrx_word' id='word_1_158' title='bbox 794 2153 882 2237; x_wconf 90' lang='lat' dir='ltr'><strong>capti</strong></span> <span class='ocrx_word' id='word_1_159' title='bbox 902 2152 1127 2236; x_wconf 81' lang='lat' dir='ltr'><strong>perducuntur,</strong></span> 
     </span>
     <span class='ocr_line' id='line_1_23' title="bbox 120 2240 1127 2395; baseline 0.003 -3"><span class='ocrx_word' id='word_1_160' title='bbox 120 2240 1127 2395; x_wconf 52' lang='lat' dir='ltr'><strong>ttttlttnttttttttttttettptrttit</strong></span> 
     </span>
     <span class='ocr_line' id='line_1_24' title="bbox 83 2350 1126 2503; baseline 0.005 -25"><span class='ocrx_word' id='word_1_161' title='bbox 83 2427 101 2477; x_wconf 84' lang='lat'>4</span> <span class='ocrx_word' id='word_1_162' title='bbox 120 2350 283 2482; x_wconf 71' lang='lat' dir='ltr'><strong>Samauubl</strong></span> <span class='ocrx_word' id='word_1_163' title='bbox 297 2436 432 2501; x_wconf 85' lang='lat' dir='ltr'><strong>quoque,</strong></span> <span class='ocrx_word' id='word_1_164' title='bbox 449 2438 506 2482; x_wconf 83' lang='lat' dir='ltr'><strong>rex</strong></span> <span class='ocrx_word' id='word_1_165' title='bbox 524 2351 776 2503; x_wconf 63' lang='lat' dir='ltr'><strong>exiguadpartis</strong></span> <span class='ocrx_word' id='word_1_166' title='bbox 795 2415 958 2501; x_wconf 87' lang='lat' dir='ltr'><strong>Indorum,</strong></span> <span class='ocrx_word' id='word_1_167' title='bbox 977 2419 1033 2502; x_wconf 90' lang='lat' dir='ltr'><strong>qui</strong></span> <span class='ocrx_word' id='word_1_168' title='bbox 1053 2416 1126 2483; x_wconf 71' lang='lat' dir='ltr'><strong>Bar</strong></span> 
     </span>
     <span class='ocr_line' id='line_1_25' title="bbox 83 2504 1128 2591; baseline 0.005 -25"><span class='ocrx_word' id='word_1_169' title='bbox 83 2506 226 2570; x_wconf 71' lang='lat' dir='ltr'><strong>taeenti</strong></span> <span class='ocrx_word' id='word_1_170' title='bbox 258 2525 293 2570; x_wconf 91' lang='lat' dir='ltr'><strong>se</strong></span> <span class='ocrx_word' id='word_1_171' title='bbox 321 2506 547 2591; x_wconf 85' lang='lat' dir='ltr'><strong>coniunxerat,</strong></span> <span class='ocrx_word' id='word_1_172' title='bbox 578 2506 704 2571; x_wconf 83' lang='lat' dir='ltr'><strong>uinctus</strong></span> <span class='ocrx_word' id='word_1_173' title='bbox 733 2504 888 2570; x_wconf 87' lang='lat' dir='ltr'><strong>adductus</strong></span> <span class='ocrx_word' id='word_1_174' title='bbox 921 2507 980 2571; x_wconf 84' lang='lat' dir='ltr'><strong>est.</strong></span> <span class='ocrx_word' id='word_1_175' title='bbox 1026 2504 1128 2591; x_wconf 80' lang='lat' dir='ltr'><strong>Igitur</strong></span> 
     </span>
     <span class='ocr_line' id='line_1_26' title="bbox 119 2592 1127 2680; baseline 0.001 -22"><span class='ocrx_word' id='word_1_176' title='bbox 119 2594 290 2678; x_wconf 84' lang='lat' dir='ltr'><strong>transfuga</strong></span> <span class='ocrx_word' id='word_1_177' title='bbox 318 2594 491 2680; x_wconf 81' lang='lat' dir='ltr'><strong>stragulo</strong></span> <span class='ocrx_word' id='word_1_178' title='bbox 519 2595 554 2659; x_wconf 92' lang='lat' dir='ltr'><strong>in</strong></span> <span class='ocrx_word' id='word_1_179' title='bbox 583 2593 774 2675; x_wconf 81' lang='lat' dir='ltr'><strong>custodiam,</strong></span> <span class='ocrx_word' id='word_1_180' title='bbox 806 2592 990 2676; x_wconf 84' lang='lat' dir='ltr'><strong>elephantis</strong></span> <span class='ocrx_word' id='word_1_181' title='bbox 1021 2598 1127 2659; x_wconf 88' lang='lat' dir='ltr'><strong>autom</strong></span> 
     </span>
     <span class='ocr_line' id='line_1_27' title="bbox 119 2681 1127 2766; baseline 0.002 -21"><span class='ocrx_word' id='word_1_182' title='bbox 119 2681 226 2747; x_wconf 85' lang='lat' dir='ltr'><strong>Taxili</strong></span> <span class='ocrx_word' id='word_1_183' title='bbox 242 2681 371 2747; x_wconf 91' lang='lat' dir='ltr'><strong>traditis</strong></span> <span class='ocrx_word' id='word_1_184' title='bbox 391 2682 430 2746; x_wconf 90' lang='lat' dir='ltr'><strong>ad</strong></span> <span class='ocrx_word' id='word_1_185' title='bbox 453 2703 581 2748; x_wconf 89' lang='lat' dir='ltr'><strong>amnem</strong></span> <span class='ocrx_word' id='word_1_186' title='bbox 597 2681 775 2766; x_wconf 83' lang='lat' dir='ltr'><strong>Hydaspen</strong></span> <span class='ocrx_word' id='word_1_187' title='bbox 797 2681 958 2765; x_wconf 88' lang='lat' dir='ltr'><strong>pervenit,</strong></span> <span class='ocrx_word' id='word_1_188' title='bbox 980 2681 1018 2745; x_wconf 92' lang='lat' dir='ltr'><strong>in</strong></span> <span class='ocrx_word' id='word_1_189' title='bbox 1040 2682 1127 2747; x_wconf 88' lang='lat' dir='ltr'><strong>cuius</strong></span> 
     </span>
     <span class='ocr_line' id='line_1_28' title="bbox 120 2768 1127 2853; baseline 0.001 -20"><span class='ocrx_word' id='word_1_190' title='bbox 120 2768 274 2835; x_wconf 89' lang='lat' dir='ltr'><strong>ulteriore</strong></span> <span class='ocrx_word' id='word_1_191' title='bbox 301 2770 373 2852; x_wconf 86' lang='lat' dir='ltr'><strong>ripa</strong></span> <span class='ocrx_word' id='word_1_192' title='bbox 395 2769 499 2835; x_wconf 90' lang='lat' dir='ltr'><strong>Porus</strong></span> <span class='ocrx_word' id='word_1_193' title='bbox 526 2770 716 2836; x_wconf 89' lang='lat' dir='ltr'><strong>consederat</strong></span> <span class='ocrx_word' id='word_1_194' title='bbox 742 2769 883 2834; x_wconf 74' lang='lat' dir='ltr'><strong>hansitu</strong></span> <span class='ocrx_word' id='word_1_195' title='bbox 905 2768 1127 2853; x_wconf 87' lang='lat' dir='ltr'><strong>prohibiturus</strong></span> 
     </span>
     <span class='ocr_line' id='line_1_29' title="bbox 82 2855 1128 2941; baseline 0.006 -25"><span class='ocrx_word' id='word_1_196' title='bbox 82 2866 101 2916; x_wconf 80' lang='lat' dir='ltr'><strong>o</strong></span> <span class='ocrx_word' id='word_1_197' title='bbox 119 2855 256 2922; x_wconf 89' lang='lat' dir='ltr'><strong>hostem.</strong></span> <span class='ocrx_word' id='word_1_198' title='bbox 294 2873 412 2922; x_wconf 75' lang='lat' dir='ltr'><strong>ccxxx</strong></span> <span class='ocrx_word' id='word_1_199' title='bbox 430 2861 463 2921; x_wconf 92' lang='lat' dir='ltr'><strong>et</strong></span> <span class='ocrx_word' id='word_1_200' title='bbox 482 2875 506 2922; x_wconf 91' lang='lat' dir='ltr'><strong>v</strong></span> <span class='ocrx_word' id='word_1_201' title='bbox 524 2856 714 2941; x_wconf 90' lang='lat' dir='ltr'><strong>elephantos</strong></span> <span class='ocrx_word' id='word_1_202' title='bbox 738 2857 900 2924; x_wconf 87' lang='lat' dir='ltr'><strong>obiecerat</strong></span> <span class='ocrx_word' id='word_1_203' title='bbox 921 2856 1042 2933; x_wconf 75' lang='lat' dir='ltr'><strong>eximio</strong></span> <span class='ocrx_word' id='word_1_204' title='bbox 1060 2878 1128 2924; x_wconf 87' lang='lat' dir='ltr'><strong>cor·</strong></span> 
     </span>
     <span class='ocr_line' id='line_1_30' title="bbox 120 2940 1128 3030; baseline 0.005 -23"><span class='ocrx_word' id='word_1_205' title='bbox 120 2940 234 3027; x_wconf 89' lang='lat' dir='ltr'><strong>porum</strong></span> <span class='ocrx_word' id='word_1_206' title='bbox 253 2945 368 3009; x_wconf 89' lang='lat' dir='ltr'><strong>robore</strong></span> <span class='ocrx_word' id='word_1_207' title='bbox 387 2944 536 3029; x_wconf 87' lang='lat' dir='ltr'><strong>ultraque</strong></span> <span class='ocrx_word' id='word_1_208' title='bbox 554 2965 610 3010; x_wconf 88' lang='lat' dir='ltr'><strong>eos</strong></span> <span class='ocrx_word' id='word_1_209' title='bbox 629 2966 740 3011; x_wconf 89' lang='lat' dir='ltr'><strong>currus</strong></span> <span class='ocrx_word' id='word_1_210' title='bbox 760 2962 823 3012; x_wconf 86' lang='lat' dir='ltr'><strong>ccc</strong></span> <span class='ocrx_word' id='word_1_211' title='bbox 842 2948 875 3010; x_wconf 90' lang='lat' dir='ltr'><strong>et</strong></span> <span class='ocrx_word' id='word_1_212' title='bbox 891 2943 1038 3030; x_wconf 90' lang='lat' dir='ltr'><strong>peditum</strong></span> <span class='ocrx_word' id='word_1_213' title='bbox 1055 2960 1128 3012; x_wconf 82' lang='lat' dir='ltr'><strong>xxx</strong></span> 
     </span>
     <span class='ocr_line' id='line_1_31' title="bbox 120 3030 1128 3117; baseline 0.006 -22"><span class='ocrx_word' id='word_1_214' title='bbox 120 3030 187 3096; x_wconf 84' lang='lat' dir='ltr'><strong>fere</strong></span> <span class='ocrx_word' id='word_1_215' title='bbox 205 3031 310 3113; x_wconf 87' lang='lat' dir='ltr'><strong>milia,</strong></span> <span class='ocrx_word' id='word_1_216' title='bbox 332 3033 367 3096; x_wconf 91' lang='lat' dir='ltr'><strong>in</strong></span> <span class='ocrx_word' id='word_1_217' title='bbox 389 3032 462 3116; x_wconf 90' lang='lat' dir='ltr'><strong>quis</strong></span> <span class='ocrx_word' id='word_1_218' title='bbox 485 3034 579 3098; x_wconf 89' lang='lat' dir='ltr'><strong>erant</strong></span> <span class='ocrx_word' id='word_1_219' title='bbox 597 3033 768 3117; x_wconf 88' lang='lat' dir='ltr'><strong>sagittarii,</strong></span> <span class='ocrx_word' id='word_1_220' title='bbox 790 3032 897 3100; x_wconf 89' lang='lat' dir='ltr'><strong>sicuti·</strong></span> <span class='ocrx_word' id='word_1_221' title='bbox 909 3035 985 3098; x_wconf 89' lang='lat' dir='ltr'><strong>ante</strong></span> <span class='ocrx_word' id='word_1_222' title='bbox 1007 3033 1128 3101; x_wconf 87' lang='lat' dir='ltr'><strong>dictum</strong></span> 
     </span>
     <span class='ocr_line' id='line_1_32' title="bbox 120 3118 1128 3205; baseline 0.003 -22"><span class='ocrx_word' id='word_1_223' title='bbox 120 3121 183 3197; x_wconf 88' lang='lat' dir='ltr'><strong>est,</strong></span> <span class='ocrx_word' id='word_1_224' title='bbox 215 3118 418 3204; x_wconf 85' lang='lat' dir='ltr'><strong>gravioribus</strong></span> <span class='ocrx_word' id='word_1_225' title='bbox 444 3119 534 3201; x_wconf 89' lang='lat' dir='ltr'><strong>telis,</strong></span> <span class='ocrx_word' id='word_1_226' title='bbox 560 3141 658 3204; x_wconf 89' lang='lat' dir='ltr'><strong>quam</strong></span> <span class='ocrx_word' id='word_1_227' title='bbox 684 3124 723 3185; x_wconf 92' lang='lat' dir='ltr'><strong>ut</strong></span> <span class='ocrx_word' id='word_1_228' title='bbox 750 3124 825 3205; x_wconf 87' lang='lat' dir='ltr'><strong>apte</strong></span> <span class='ocrx_word' id='word_1_229' title='bbox 853 3121 959 3187; x_wconf 88' lang='lat' dir='ltr'><strong>excuti</strong></span> <span class='ocrx_word' id='word_1_230' title='bbox 985 3125 1128 3205; x_wconf 85' lang='lat' dir='ltr'><strong>possent</strong></span> 
     </span>
     <span class='ocr_line' id='line_1_33' title="bbox 84 3205 1130 3292; baseline 0.008 -24"><span class='ocrx_word' id='word_1_231' title='bbox 84 3206 230 3292; x_wconf 69' lang='lat' dir='ltr'><strong>alpsum</strong></span> <span class='ocrx_word' id='word_1_232' title='bbox 258 3205 397 3273; x_wconf 82' lang='lat' dir='ltr'><strong>vehebat</strong></span> <span class='ocrx_word' id='word_1_233' title='bbox 423 3207 613 3291; x_wconf 88' lang='lat' dir='ltr'><strong>elephantus</strong></span> <span class='ocrx_word' id='word_1_234' title='bbox 641 3229 736 3292; x_wconf 90' lang='lat' dir='ltr'><strong>super</strong></span> <span class='ocrx_word' id='word_1_235' title='bbox 763 3214 887 3276; x_wconf 87' lang='lat' dir='ltr'><strong>ceteras</strong></span> <span class='ocrx_word' id='word_1_236' title='bbox 913 3208 1030 3274; x_wconf 88' lang='lat' dir='ltr'><strong>beluas</strong></span> <span class='ocrx_word' id='word_1_237' title='bbox 1054 3211 1130 3276; x_wconf 86' lang='lat' dir='ltr'><strong>cmi·</strong></span> 
     </span>
     <span class='ocr_line' id='line_1_34' title="bbox 119 3295 1129 3382; baseline 0.004 -22"><span class='ocrx_word' id='word_1_238' title='bbox 119 3314 199 3360; x_wconf 89' lang='lat' dir='ltr'><strong>nens</strong></span> <span class='ocrx_word' id='word_1_239' title='bbox 223 3315 375 3379; x_wconf 88' lang='lat' dir='ltr'><strong>armaque</strong></span> <span class='ocrx_word' id='word_1_240' title='bbox 401 3316 480 3362; x_wconf 86' lang='lat' dir='ltr'><strong>auro</strong></span> <span class='ocrx_word' id='word_1_241' title='bbox 502 3298 536 3362; x_wconf 86' lang='lat' dir='ltr'><strong>ct</strong></span> <span class='ocrx_word' id='word_1_242' title='bbox 563 3298 697 3379; x_wconf 88' lang='lat' dir='ltr'><strong>argento</strong></span> <span class='ocrx_word' id='word_1_243' title='bbox 719 3295 873 3363; x_wconf 88' lang='lat' dir='ltr'><strong>distincta</strong></span> <span class='ocrx_word' id='word_1_244' title='bbox 895 3316 1012 3382; x_wconf 89' lang='lat' dir='ltr'><strong>corpus</strong></span> <span class='ocrx_word' id='word_1_245' title='bbox 1035 3318 1129 3365; x_wconf 78' lang='lat' dir='ltr'><strong>rarae</strong></span> 
     </span>
     <span class='ocr_line' id='line_1_35' title="bbox 120 3380 1130 3468; baseline -0.001 -15"><span class='ocrx_word' id='word_1_246' title='bbox 120 3380 354 3468; x_wconf 87' lang='lat' dir='ltr'><strong>magnitudinis</strong></span> <span class='ocrx_word' id='word_1_247' title='bbox 385 3383 612 3450; x_wconf 83' lang='lat' dir='ltr'><strong>honestabant</strong></span> <span class='ocrx_word' id='word_1_248' title='bbox 664 3382 729 3450; x_wconf 89' lang='lat' dir='ltr'><strong>Par</strong></span> <span class='ocrx_word' id='word_1_249' title='bbox 761 3386 889 3450; x_wconf 76' lang='lat' dir='ltr'><strong>animm</strong></span> <span class='ocrx_word' id='word_1_250' title='bbox 921 3384 1034 3452; x_wconf 87' lang='lat' dir='ltr'><strong>robori</strong></span> <span class='ocrx_word' id='word_1_251' title='bbox 1063 3407 1130 3455; x_wconf 90' lang='lat' dir='ltr'><strong>cor·</strong></span> 
     </span>
     <span class='ocr_line' id='line_1_36' title="bbox 105 3471 1130 3560; baseline 0.005 -24"><span class='ocrx_word' id='word_1_252' title='bbox 105 3473 203 3554; x_wconf 84' lang='lat' dir='ltr'><strong>poris</strong></span> <span class='ocrx_word' id='word_1_253' title='bbox 230 3477 277 3560; x_wconf 75' lang='lat' dir='ltr'><strong>et,</strong></span> <span class='ocrx_word' id='word_1_254' title='bbox 307 3476 432 3560; x_wconf 83' lang='lat' dir='ltr'><strong>quanta</strong></span> <span class='ocrx_word' id='word_1_255' title='bbox 458 3472 544 3539; x_wconf 85' lang='lat' dir='ltr'><strong>inter</strong></span> <span class='ocrx_word' id='word_1_256' title='bbox 569 3471 665 3538; x_wconf 88' lang='lat' dir='ltr'><strong>rudes</strong></span> <span class='ocrx_word' id='word_1_257' title='bbox 691 3475 820 3557; x_wconf 86' lang='lat' dir='ltr'><strong>poterat</strong></span> <span class='ocrx_word' id='word_1_258' title='bbox 846 3492 931 3557; x_wconf 83' lang='lat' dir='ltr'><strong>esse,</strong></span> <span class='ocrx_word' id='word_1_259' title='bbox 961 3473 1130 3559; x_wconf 75' lang='lat' dir='ltr'><strong>sapientia</strong></span> 
     </span>
     <span class='ocr_line' id='line_1_37' title="bbox 55 3554 1168 3651; baseline -0.005 -21"><span class='ocrx_word' id='word_1_260' title='bbox 55 3567 78 3614; x_wconf 78' lang='grc'><strong><em>8</em></strong></span> <span class='ocrx_word' id='word_1_261' title='bbox 94 3557 300 3634; x_wconf 81' lang='lat' dir='ltr'><strong>Maccdonas</strong></span> <span class='ocrx_word' id='word_1_262' title='bbox 322 3586 394 3634; x_wconf 93' lang='lat' dir='ltr'><strong>non</strong></span> <span class='ocrx_word' id='word_1_263' title='bbox 419 3563 618 3651; x_wconf 85' lang='lat' dir='ltr'><strong>conspectus</strong></span> <span class='ocrx_word' id='word_1_264' title='bbox 637 3560 790 3629; x_wconf 87' lang='lat' dir='ltr'><strong>hostium</strong></span> <span class='ocrx_word' id='word_1_265' title='bbox 810 3560 934 3639; x_wconf 80' lang='lat' dir='ltr'><strong>solum,</strong></span> <span class='ocrx_word' id='word_1_266' title='bbox 953 3559 1017 3622; x_wconf 70' lang='lat' dir='ltr'><strong>seu</strong></span> <span class='ocrx_word' id='word_1_267' title='bbox 1037 3554 1168 3626; x_wconf 68' lang='lat' dir='ltr'><strong>seme</strong></span> 
     </span>
    </p>
   </div>
   <div class='ocr_carea' id='block_1_5' title="bbox 0 0 1182 3846">
    <p class='ocr_par' dir='ltr' id='par_1_5' title="bbox 0 0 1182 3846">
     <span class='ocr_line' id='line_1_38' title="bbox 0 0 1182 3846; baseline 0 0"><span class='ocrx_word' id='word_1_268' title='bbox 0 0 1182 3846; x_wconf 95' lang='lat' dir='ltr'><strong> </strong></span> 
     </span>
    </p>
   </div>
  </div>
 </body>
</html>
