2356 3846
168 254 171 263 Ι
238 171 494 230 msuornnaun
511 171 729 230 mnxnnmn
746 170 797 243 IV,
818 177 842 227 1.
862 179 887 229 8.
1028 172 1072 237 53

54 319 198 384 claustra
219 314 288 383 Nili
309 317 452 383 fluminis
474 315 683 383 Polemonem
705 317 789 382 tueri
811 317 913 383 iubet:
936 335 1007 382 xxx
1030 317 1071 382 ad

53 407 118 472 hoo
146 406 297 472 triremes
328 406 432 471 datae.
481 405 611 470 Africae
643 406 772 490 deinde,
808 427 891 490 quae
920 406 1107 490 Aegyptos

53 495 167 559 iuncta
194 497 258 578 est,
289 495 492 579 praepositus
514 493 721 578 Apollonius,
752 494 963 580 vectigalibus
990 496 1072 559 eius·

55 581 129 647 dem
150 581 280 649 Africae
303 581 507 668 Aegyptique
530 580 724 647 Cleomenes.
775 581 827 647 Ex
848 582 994 647 finitimis
1019 605 1071 647 ur·

54 669 152 735 bibus
182 671 393 756 commigrare
422 670 658 735 Alexandream
684 671 780 735 iussis
814 692 933 736 novam
959 670 1072 736 urbem

54 777 177 912 lul?
195 758 775 932 111111111111111111
788 780 869 912 lt?
887 781 943 912 {il
961 759 1072 911 011ἒὲ
1090 781 1107 830 ⁶

457 896 466 930 7
945 897 953 930 l

54 938 177 1019 nasset,
200 935 307 999 avium
329 955 445 1021 greges
468 935 635 1000 advolasse
655 939 688 999 et
705 936 838 1019 polenta
856 956 926 1000 esse
944 939 1071 1019 pastas:

55 1043 194 1107 cumque
216 1023 249 1087 id
273 1045 368 1092 omen
389 1045 448 1108 pro
469 1023 557 1087 tristi
578 1045 598 1088 a
615 1024 775 1106 plerisque
795 1027 880 1088 esset
897 1026 1073 1106 acceptum,

53 1109 261 1194 respondisse
293 1115 397 1195 vates,
433 1132 586 1197 magnam
617 1111 706 1176 illam
733 1111 847 1176 urbem
878 1111 1073 1176 advenarum

50 1197 272 1283 ¹frequentiam
299 1200 472 1284 culturam,
499 1199 673 1283 multisque
701 1220 772 1263 eam
798 1200 893 1265 terris
921 1200 1073 1264 alimenta

55 1287 286 1371 praebituram.

10 1376 46 1441 14
147 1373 283 1459 Regem,
306 1396 379 1441 cnm
402 1376 542 1441 meando
566 1376 654 1440 amni
678 1375 843 1458 deflueret,
866 1374 998 1458 adsequi
1020 1396 1107 1444 cur

56 1461 150 1546 piens
171 1458 308 1547 Hector,
330 1462 552 1528 Parmenionis
578 1464 677 1548 filius,
704 1463 820 1528 eximio
848 1464 963 1527 aetatis
986 1462 1073 1546 flore,

56 1550 94 1614 in
130 1551 241 1634 paucis
273 1551 458 1617 Alexandro
490 1573 598 1635 carus,
633 1573 770 1635 parvum
800 1551 965 1635 navigium
998 1572 1072 1615 con·

58 1637 366 1724 scenditpluribus,
396 1662 491 1725 quam
515 1660 628 1723 capere
651 1643 774 1723 posset,
805 1639 964 1722 inpositis.
1009 1637 1073 1702 Ita-

58 1747 122 1810 que
145 1747 252 1793 mersa
273 1728 365 1794 navis
389 1750 501 1793 omnes
524 1728 678 1793 destituit
718 1727 858 1810 Hector,
871 1726 926 1790 diu
948 1726 1108 1797 fluminis

58 1813 259 1892 obluctatus,
295 1836 368 1880 cum
404 1816 535 1880 madens
567 1816 666 1880 vestis
698 1820 731 1880 et
762 1814 905 1879 adstricti
938 1814 1073 1896 crepidis

57 1901 158 1986 pedes
180 1905 293 1967 natare
315 1903 536 1987 prohiberent,
563 1903 597 1967 in
621 1904 724 1987 ripam
746 1907 856 1967 tamen
878 1902 1074 1967 semianimis

59 1990 164 2055 evasit
186 1994 233 2074 et,
255 1994 293 2054 ut
314 1991 454 2073 primum
476 1991 633 2075 fatigatus
657 1992 805 2075 spiritum
826 1992 958 2074 laxavit,
979 2011 1074 2074 quem

58 2080 166 2143 metus
202 2081 236 2143 ct
269 2078 449 2162 periculum
483 2079 678 2162 intenderat,
709 2080 798 2143 nullo
827 2078 999 2143 adiuvante
1033 2115 1071 2124 -

59 2166 179 2249 quippe
208 2166 243 2230 in
269 2166 430 2231 diversum
458 2170 627 2232 evaserant
648 2168 704 2231 alii
727 2202 769 2214 -
793 2168 992 2231 exanimatus
1016 2168 1074 2230 est.

58 2253 194 2319 Amissh
210 2254 279 2319 eius
307 2254 464 2320 desiderio
491 2255 697 2320 vehementer
724 2255 870 2319 adflictus
897 2258 947 2319 cst
968 2275 1108 2339 repen-e

58 2345 205 2426 tumque·
217 2362 334 2426 corpus
356 2343 528 2428 magnifico
552 2344 672 2408 extulit.
688 2343 808 2408 funere.

151 2424 306 2495 Oneravit
332 2430 419 2496 huno
443 2431 589 2496 dolorem
609 2431 741 2497 nuntius
759 2432 871 2495 mortis
895 2429 1128 2500 Androm-10

61 2517 127 2601 chi,
159 2539 254 2601 quem
281 2519 480 2602 praefecerat
507 2517 630 2603 Syriae:
667 2520 776 2584 vivum
803 2517 980 2584 Samaritae
1008 2539 1074 2582 cre·

60 2610 238 2671 maverant.
282 2605 336 2670 Ad
367 2607 458 2672 ouius
489 2607 654 2673 interitum
683 2607 922 2690 vindicandum,
954 2611 1076 2690 quauta

61 2694 202 2758 maxime
221 2693 387 2761 celeritate
402 2695 517 2780 potuit,
539 2695 713 2778 contendit,
736 2694 981 2777 advenientique
1000 2697 1076 2757 sunt

65 2781 178 2847 traditi
213 2782 298 2849 tanti
334 2783 462 2848 seeleris
494 2786 648 2848 auctores.
700 2780 928 2847 Andromacho
962 2781 1075 2847 deinde
1095 2803 1127 2850 11

62 2867 211 2935 Menona·
222 2869 390 2937 substituit
408 2871 606 2956 adfectisque
628 2871 799 2955 supplicio,
823 2870 877 2953 qui
895 2874 1076 2953 praetorem

61 2955 316 3043 interemerant,
327 2962 487 3042 tyrannos
506 2995 549 3006 -
571 2959 660 3024 inter
679 2980 759 3044 quos
777 2957 1077 3041 Methymnaeorum

62 3044 291 3111 Aristonicum.
307 3049 345 3111 et
359 3044 569 3129 Chrysolaum
593 3085 636 3095 -
658 3047 868 3131 popularibus
891 3047 957 3111 suis
979 3046 1076 3110 tradi·

63 3131 125 3197 dit:
148 3153 237 3216 quoa¹
253 3133 305 3200 illi
324 3134 367 3198 ob
387 3135 522 3199 iniurias
543 3139 648 3200 tortos
669 3139 874 3200 necaverunt.

151 3219 401 3286 Atheniensium
423 3222 551 3306 deinde,
580 3222 787 3289 Rhodiorum·
803 3227 836 3287 et
857 3221 1011 3288 Chiorum
1033 3221 1077 3286 le·
1098 3241 1129 3290 12

64 3310 169 3391 gatos.
187 3308 285 3373 audit
329 3309 545 3376 Athenienses
571 3312 743 3377 deludam
767 3311 1020 3396 gratulabantur
1035 3313 1077 3394 et,

63 3398 101 3459 ut
135 3396 256 3479 captivi
292 3394 488 3465 Graecorum
524 3399 591 3464 suis
627 3400 886 3482 restituerentur,
923 3399 1076 3462 orabant:

63 3479 183 3550 Rhodii
201 3487 235 3549 et
250 3481 323 3551 Chii
341 3486 382 3551 de
398 3485 558 3572 praesidio
578 3489 804 3573 querebantur.
838 3485 960 3551 Omnes
976 3507 1087 3564 aequa

62 3570 242 3637 desiderare
269 3573 329 3639 visi
354 3575 619 3663 inpetraverunt.
657 3576 881 3664 lllitvlenavius
906 3587 1044 3659 quoque
1062 3565 1112 3624 &a
1127 3579 1170 3622 xe>
