2370 3834
401 790 671 892 Q OURT1
704 790 858 874 RUFI

500 944 756 1001 HISTORIARUM

262 1101 706 1206 nunxluuru
746 1107 995 1206 ulem

478 1298 772 1367 MACEDONIS

515 1456 626 1511 LIBER
643 1456 730 1512 VIIII.

564 1599 643 1667 One.
665 1599 700 1666 Ι..

32 1791 33 1794 ,
84 1743 99 1792 1
206 1725 405 1808 Alexander,
431 1727 500 1789 tam
527 1723 731 1789 memorabili
758 1724 895 1791 victoria
920 1724 1043 1811 laetus,
1072 1734 1171 1812 qual

120 1815 183 1881 sibi
205 1814 347 1881 Orientis
370 1813 445 1878 finis
465 1815 594 1897 apertos
618 1833 688 1878 esse
712 1813 877 1897 censebat,
901 1811 970 1880 Soli
992 1814 1137 1881 victimis

119 1904 222 1970 eaesis
250 1904 372 1968 milites
397 1922 536 1987 quoque,
559 1922 621 1985 qno
644 1901 899 1986 promptioribus
923 1903 1039 1968 animis
1062 1904 1138 1968 reli·

120 2016 184 2077 qua
205 1991 285 2057 belli
308 1991 450 2075 obirent,
473 2011 532 2073 pro
555 1989 705 2055 contione
727 1990 876 2056 laudatos
898 1990 1021 2075 docuit,
1044 1992 1138 2076 quid-

119 2080 197 2165 quid
214 2080 304 2145 lndis
323 2080 441 2144 virium
462 2078 595 2162 fuisset,
616 2077 674 2142 illa
693 2078 900 2164 dimicatione
917 2082 1137 2164 prostratum:

118 2172 226 2234 cetera
250 2169 392 2252 opimam
414 2166 568 2253 praedam
591 2165 661 2231 fore
681 2167 921 2252 celebratasque
945 2190 1024 2253 opes
1042 2168 1079 2233 in
1098 2191 1139 2234 ea

82 2274 99 2324 2
119 2258 251 2342 regione
271 2257 424 2340 eminere,
448 2277 545 2340 quam
567 2258 724 2337 peterent.
761 2254 901 2321 Proinde
920 2256 987 2321 iam
1004 2257 1085 2322 vilia
1103 2261 1138 2322 et

119 2345 269 2412 obsoleta
292 2367 363 2410 esse
387 2344 491 2428 spolia
516 2344 554 2408 de
577 2342 699 2408 Persis:
723 2345 861 2428 gemmis
884 2345 1137 2430 margaritisque

119 2437 152 2498 et
182 2455 261 2499 auro
291 2438 387 2517 atque
417 2432 512 2497 ebore
540 2431 764 2496 Macedoniam
790 2431 1037 2516 Graeciamque,
1068 2455 1138 2509 non

83 2542 195 2591 esuas
222 2527 351 2587 tantum
382 2521 495 2586 domos
527 2521 687 2604 repletum
714 2521 771 2585 ire.
821 2520 918 2586 Avidi
949 2522 1074 2587 milites
1103 2527 1138 2588 et

118 2611 273 2696 pecuniae
306 2613 340 2675 et
371 2609 508 2694 gloriae,
541 2608 637 2673 simul
674 2609 751 2692 quia
782 2631 958 2693 numquam
990 2631 1045 2675 eos
1080 2611 1137 2676 ad·

118 2700 260 2764 firmatio
280 2699 348 2763 eius
371 2697 547 2780 fefellerat,
569 2697 765 2780 pollicentur
786 2719 926 2781 operam.
966 2696 1136 2766 Dimissis-

119 2810 180 2872 que
204 2811 277 2853 cum
299 2788 385 2852 bone
408 2808 466 2870 spe
487 2786 619 2870 navigia
637 2786 838 2852 exaedificari
861 2787 965 2869 iubet,
987 2791 1037 2870 ut,
1061 2809 1136 2853 cum

118 2881 223 2942 totam
255 2876 370 2941 Asiam
404 2874 672 2959 percucurrisset,
707 2874 806 2939 finem
837 2877 1011 2960 terrarum,
1045 2897 1136 2943 mare

83 2965 283 3034 einriseret
328 2963 432 3028 Multa
459 2963 597 3028 materia
620 2962 745 3028 navalis
770 2963 805 3027 in
831 2964 988 3048 proximis
1017 2966 1135 3032 monu-

118 3054 180 3118 bus
204 3057 287 3118 erat:
315 3075 412 3137 quam
435 3052 566 3117 caedere
590 3051 737 3136 adgressi
761 3052 995 3138 magnitudinis
1023 3055 1136 3120 invisi-

83 3161 100 3212 o
118 3145 209 3207 tatae
224 3163 393 3227 repperere
408 3145 582 3227 serpentes.
613 3140 850 3207 Rhinocerotes
869 3163 1007 3227 quoque,
1024 3164 1137 3209 rarum

119 3230 198 3296 alibi
222 3231 357 3314 animal,
380 3231 416 3294 in
438 3230 541 3294 isdem
564 3229 729 3296 montibus
755 3233 856 3295 erant.
898 3227 1050 3296 Ceterum
1073 3231 1137 3298 hoc

116 3341 237 3385 nomen
259 3319 363 3384 beluis
386 3319 524 3384 inditum
544 3341 564 3382 a
582 3317 729 3398 Graecis,
753 3319 911 3383 sermonis
935 3320 1004 3384 eius
1027 3321 1138 3406 ignari

68 3408 203 3473 caliud
226 3408 345 3494 lingua
368 3430 428 3476 sua
451 3411 620 3494 usurpent.
663 3407 734 3472 Rex
756 3408 880 3472 duabus
903 3408 1039 3474 urbibus
1063 3431 1137 3476 cun·

87 3491 175 3560 ditis
212 3498 250 3565 in
293 3501 438 3588 utraque
479 3498 650 3586 fluminis,
684 3495 774 3585 quod
808 3501 1037 3578 superauerat,
1062 3499 1142 3578 ripa
