2356 3846
124 139 167 204 82
478 137 510 204 Q.
530 136 642 195 CURTI
659 137 746 194 RUFI

111 284 282 370 latiorem?
326 283 459 351 Obortis
487 283 602 351 deinde
629 284 773 350 lacrimis
801 283 951 351 ιιιιιιιοιιιι
974 284 1122 390 detrahit

106 374 215 460 capiti,
240 374 422 458 dexteram,
450 373 570 460 quaid
591 373 739 458 tenebat,
766 374 981 459 protendens,
1011 378 1065 461 ut,
1092 395 1122 441 sr

102 464 175 551 quis
202 485 237 528 se
266 462 447 549 digniorem
478 463 697 548 profiteretur,
731 462 898 548 acciperet.
947 461 1122 550 Ingentem

101 574 192 638 spem
219 552 340 618 indolis
361 556 438 618 ante
466 572 539 618 eum
562 552 648 618 diem
670 551 782 618 fratris
808 551 958 618 claritate
986 572 1123 639 oppres·

101 663 156 707 sae
179 645 248 707 tam
270 641 440 708 moderata
465 641 620 707 excitavit
642 641 756 707 oratio.
800 639 916 728 Itaque
938 642 1052 708 anai
1074 641 1122 708 in·

101 735 189 798 stare
227 733 414 816 coeperunt,
450 734 502 814 ut,
538 752 621 815 quae
658 729 831 815 agitasset,
863 730 979 816 exequi
1011 730 1122 799 vellet.

78 819 244 888 :Eosdem
265 840 377 885 rursus
404 819 495 904 legat
512 819 686 904 petituros,
708 822 746 884 ut
763 817 967 905 Meleagrum
983 819 1120 891 ιιιιιὶιιιιι

101 908 214 975 ducem
230 909 423 994 acciperent.
458 906 555 974 Haud
574 928 670 994 aegre
688 907 722 973 id
740 907 941 993 inpetratum
959 913 1022 992 est,
1043 928 1120 976 nam

102 999 135 1064 et
161 998 321 1064 abducere
346 997 548 1103 Meleagrum
573 995 730 1064 Perdicca
751 1018 772 1062 a
797 1017 877 1084 rege
907 959 1062 1082 cupiebat
1087 1000 1120 1064 et

61 1099 82 1147 3
102 1108 202 1152 unum
226 1085 390 1152 duobus
378 1090 526 1170 mpaiem
547 1085 695 1151 futuram
717 1106 789 1151 esse
811 1085 973 1152 censebat
1014 1085 1119 1174 Igitur

99 1174 266 1262 Meleagro
285 1197 359 1241 cum
376 1173 542 1260 phalange
561 1174 691 1240 obvians
711 1195 843 1261 egresso
860 1174 1016 1242 Perdicca
1032 1196 1124 1262 eqm·

99 1268 169 1330 tum
201 1267 328 1340 turmas
360 1264 553 1330 antecedens
590 1264 737 1331 occurrit.
786 1263 971 1350 Utrumque
1003 1285 1157 1351 agmen

100 1356 214 1418 mutua
242 1353 328 1420 salut
313 1352 440 1418 tatione
464 1351 553 1418 facta
580 1353 647 1419 coit
672 1353 708 1418 in
727 1356 945 1439 perpetuum,
972 1356 1010 1419 ut
1037 1352 1166 1420 arbi*

99 1443 281 1528 trahantur,
305 1441 479 1508 concordia
501 1444 535 1507 et
556 1462 638 1526 pace
660 1442 800 1507 firmata

530 1600 612 1669 Ona.
634 1600 690 1666 IX.

66 1719 80 1768 1
190 1705 253 1773 Sed
283 1709 351 1774 iam
381 1707 460 1774 fatis
496 1707 754 1774 admovebantur
783 1706 999 1774 Macedonum
1028 1717 1178 1793 gent1'2

101 1796 189 1862 bella
207 1797 330 1880 civilia,
348 1818 426 1862 nam
445 1800 478 1863 et
495 1797 687 1863 insociabile
704 1800 756 1862 est
777 1816 915 1882 regnum
934 1799 968 1862 et
985 1819 1006 1862 a
1021 1797 1141 1881 pluri-

65 1887 161 1951 tbus
181 1886 403 1970 expetebatur.
437 1885 584 1951 Primum
607 1906 685 1972 ergo
708 1886 866 1952 conlisere
884 1885 984 1970 vires,
1005 1885 1135 1958 deinde

101 1973 334 2058 disperserunt:
357 1978 391 2040 et
418 1996 491 2040 cum
513 1975 660 2059 pluribus
683 1994 814 2059 corpus,
841 1996 939 2060 quam
962 1974 1127 2064 capiebat,

100 2062 252 2146 capitatia
288 2067 493 2147 onerassent,
530 2066 637 2129 cetera
666 2064 815 2128 membra
845 2062 980 2130 delicere
1011 2084 1122 2148 coepe

65 2162 82 2210 3
101 2155 178 2216 runt
204 2150 353 2236 quodque
375 2153 548 2236 imperium
571 2151 631 2217 sub
654 2172 719 2218 uno
739 2155 828 2217 stare
844 2152 1021 2236 potuisset,
1042 2151 1115 2220 dun

102 2262 121 2304 a
147 2240 295 2325 pluribus
328 2240 521 2325 sustinetur,
552 2240 629 2306 ruit.
674 2239 817 2306 Proinde
842 2240 912 2307 iure
939 2241 1111 2326 meritoque

100 2329 240 2414 populds
262 2327 429 2395 Romanus
453 2329 595 2396 salutem
618 2350 654 2394 se
675 2329 816 2416 principi
835 2350 894 2396 suo
913 2329 1031 2396 debere
1046 2349 1107 2414 pro

100 2418 173 2484 fitet
124 2422 225 2504 tetur,
253 2417 309 2504 qui
331 2418 450 2502 noctis,
478 2438 576 2504 quam
601 2438 704 2503 paene
730 2439 915 2503 supremam
936 2418 1104 2501 habuimus,

65 2516 83 2565 4
102 2529 223 2573 novum
247 2506 335 2573 sidus
358 2507 485 2573 inluxit.
531 2505 637 2572 Huius
665 2507 808 2592 hercule,
834 2528 902 2573 non
924 2507 1006 2573 solis
1027 2508 1102 2572 ortus

101 2596 207 2662 lucem
234 2595 393 2681 caliganti
365 2595 560 2662 treddidit
582 2595 716 2680 mundo,
741 2617 815 2661 cum
838 2596 908 2662 sine
930 2618 990 2662 suo
1013 2594 1102 2680 capite

65 2683 261 2751 adiscordia
284 2684 468 2752 membrat
453 2684 663 2769 trepidarent
700 2683 789 2762 Quot
809 2684 867 2749 ille
889 2686 962 2750 tum
982 2682 1102 2751 extinxit

100 2773 202 2839 faces!
239 2778 320 2858 quot
351 2772 495 2840 condidit
526 2773 665 2860 gladios!
699 2776 857 2859 quantam
892 2776 1101 2858 tempestatem

102 2862 211 2928 subita
233 2862 374 2927 serenita
355 2866 408 2928 ate
375 2862 597 2928 tdiscussitl
624 2863 702 2929 Non
719 2883 799 2948 ergo
818 2861 990 2928 revirescit
1006 2863 1102 2940 solum,

66 2948 158 3015 esed
187 2951 287 3016 etiam
313 2951 446 3018 floret
436 2952 617 3035 imperium
658 2950 758 3018 Absit
785 2951 881 3017 modo
904 2951 1041 3032 invidia,
1064 2968 1102 3014 er-

102 3038 200 3122 cipiet
225 3039 324 3106 huius
352 3039 474 3105 saeculi
502 3043 653 3125 tempora
679 3039 823 3106 eiusdem
851 3039 968 3106 domin
995 3002 1100 3106 utinam

66 3130 271 3213 ⁷perpetua,
299 3132 387 3194 certe
415 3129 567 3194 diutuma
593 3129 779 3214 posteritas
823 3120 1098 3214 castannola

102 3215 261 3296 ordinem,
289 3238 396 3302 aquo
424 3239 476 3284 me
508 3217 742 3302 contemplatio
773 3217 924 3303 publicae
951 3212 1088 3284 felicitati

101 3308 276 3391 averterat,
303 3307 444 3392 redeam,
465 3305 618 3373 Perdicca
639 3307 788 3373 unicam
794 3329 885 3392 spem
908 3307 1024 3375 salutis
1040 3322 1084 3369 eus

90 3394 129 3459 in
148 3392 314 3483 Meleagri
331 3399 421 3463 mort
422 3417 439 3462 e
456 3395 614 3482 ponebat.
635 3416 757 3463 vanum
776 3395 915 3462 eundem
934 3399 969 3463 et
984 3393 1079 3462 infido

80 3484 310 3577 celeriterque
337 3510 395 3556 res
424 3489 631 3556 novaturum
656 3489 692 3552 et
716 3485 785 3551 sicii
804 3506 948 3549 manime
968 3484 1073 3548 intecto

30 3577 319 3660 Soccapandum
356 3603 444 3651 esse
492 3578 565 3648 sea
592 3578 666 3645 alta
687 3571 956 3641 dissimulatione
976 3568 1069 3633 const
