2356 3846
221 155 475 212 HlsTORIARUM
493 155 709 210 ALEXANDRI
725 155 778 226 IV,
798 161 839 210 15.
860 163 901 211 ro.
1023 154 1064 217 77

56 300 160 366 salis?
189 321 233 366 an
259 321 300 364 ne
326 300 524 384 fugientibus
553 300 681 385 quidem
707 321 800 383 pares
823 297 934 364 estisb'
979 298 1100 368 Verae

55 389 161 454 dicere
186 388 356 453 videbatur
382 392 416 452 et
442 410 516 472 spes
542 390 732 473 languentes
759 410 885 473 quoque
913 396 1065 456 erexerat.

56 476 203 542 Subditis
234 477 411 542 calcaribus
442 498 592 560 proruere
623 477 658 541 in
689 477 831 540 hostem:
867 480 900 540 et
925 477 974 540 illi
1000 477 1066 543 iam

55 587 125 631 non
148 565 277 648 sensim,
300 564 355 630 sed
374 565 472 630 citato
491 565 592 649 gradu
609 564 801 629 recedebant
818 586 877 629 nec
895 565 1066 648 quicquam

56 653 165 738 fugae,
187 653 251 718 nisi
270 653 355 737 quod
372 652 516 717 nondum
533 657 626 737 terga
642 655 813 735 verterant,
836 653 954 717 deerat.
988 651 1065 719 Par-

57 742 164 806 menio
193 743 304 805 tamen
329 741 476 892 ignarus,
499 762 657 824 quaenam
682 741 718 805 in
745 740 856 804 dextro
879 762 979 804 cornu
1000 740 1065 808 for-

56 835 139 894 tuna
164 829 252 912 regis
279 833 363 893 esset
367 829 557 912 ,repressit
579 850 667 893 suos:
699 827 847 892 Mazaeus
871 828 946 893 dato
969 830 1100 915 fugae?

58 918 164 1018 spatio
187 938 254 981 non
275 921 363 981 recto
390 917 517 1000 itinere,
549 918 604 981 sed
630 916 750 982 maiore
773 920 806 981 et
828 917 869 981 ob
892 917 925 981 id
946 919 1065 983 tutiore

57 1005 194 1072 cnouitu
220 1003 333 1088 Tigrin
364 1007 495 1088 superat
526 1008 559 1068 et
584 1003 798 1088 Babyloniam
824 1026 897 1069 cum
923 1007 1065 1089 reliquiis

57 1093 176 1159 devicti
199 1093 353 1157 exereitus
375 1093 486 1157 intrat

10 1180 46 1247 31
147 1178 271 1245 Dareus
293 1181 403 1264 paucis
424 1180 521 1264 fugae
544 1183 643 1245 comit
619 1181 714 1245 'tibus
737 1179 778 1243 ad
795 1179 920 1263 Lycum
938 1201 1066 1246 amnem
1085 1198 1101 1246 8

57 1267 283 1334 contenderat:
316 1290 379 1353 quo
405 1268 539 1332 traiecto
566 1268 736 1349 dubitavit,
763 1290 806 1331 an
829 1269 966 1333 solveret
987 1291 1066 1352 pon·

57 1361 139 1439 tem,
161 1355 279 1440 quippe
300 1355 427 1421 hostem
449 1357 515 1420 iam
538 1357 647 1421 adfore
668 1356 888 1420 nuntiabatur.
933 1355 995 1421 Sed
1016 1361 1067 1422 tot

58 1444 150 1510 milia
177 1465 323 1527 suorum,
354 1465 436 1528 quae
462 1444 605 1509 nondum
632 1443 673 1507 ad
699 1465 825 1507 amnem
847 1450 1066 1529 pervenerant,

57 1536 158 1617 ponte
179 1533 315 1597 rescisso
333 1531 461 1596 videbat
477 1533 580 1597 hostis
598 1532 750 1615 praedam
767 1531 844 1595 iore.
876 1531 1067 1618 Abeuntem,
1085 1553 1101 1601 e

58 1643 133 1686 cnm
159 1620 318 1685 intactum
344 1620 465 1685 sineret
489 1624 635 1703 pontem,
662 1619 778 1683 dixisse
801 1623 941 1702 constat,
971 1623 1067 1686 malle

59 1731 95 1774 se
126 1708 334 1793 sequentibus
364 1709 426 1772 iter
457 1709 547 1791 dare,
579 1729 676 1792 quam
708 1706 832 1771 auferre
860 1707 1067 1791 fugientibus.

59 1797 134 1880 Ipse
160 1797 276 1881 ingens
304 1795 444 1879 spatium
470 1795 549 1879 fuga
576 1816 723 1859 emensus
750 1795 856 1859 media
882 1798 948 1859 fere
973 1801 1068 1862 nocte

59 1884 183 1950 Arbela
203 1884 358 1967 pervenit.

149 1971 229 2048 Quis
251 1974 302 2035 tot
322 1971 462 2035 ludibria
482 1969 640 2053 tortines,
662 1971 787 2054 ducum,
809 1971 975 2054 agminum
998 1993 1066 2036 cae·
1088 1991 1120 2039 10

59 2060 133 2125 dem
156 2058 378 2142 multiplicem,
401 2058 597 2122 devictorum
619 2059 744 2143 fugam,
767 2059 872 2123 clades
894 2080 979 2124 nune
1003 2059 1067 2124 sin·

59 2148 224 2232 galerum,
252 2167 338 2210 nunc
364 2147 586 2210 universorum
608 2151 665 2210 aut
687 2147 794 2212 animo
818 2147 950 2230 adsequi
973 2152 1068 2232 queat

59 2238 118 2300 aut
147 2235 293 2299 oratione
320 2233 503 2317 conplecti?
548 2233 782 2318 Propemodum
810 2235 928 2299 saeculi
956 2257 1007 2299 res
1035 2236 1069 2299 in

63 2345 167 2388 unum
192 2322 285 2386 illum
312 2321 410 2406 diem,
436 2343 509 2405 pre,
535 2321 667 2386 fortuna
689 2322 871 2387 cumulavit.
909 2321 982 2386 ¹Alii
1005 2345 1069 2408 qua
1089 2343 1120 2391 11

58 2410 286 2476 breuissimum
307 2410 440 2492 patebat
461 2410 530 2486 iter,
552 2410 608 2474 alii
630 2409 739 2474 denos
762 2410 861 2474 saltus
885 2413 917 2474 et
940 2411 1068 2495 ignotas

60 2497 272 2583 sequentibus
299 2499 396 2562 calles
423 2498 586 2581 petebant.
629 2496 738 2581 Eques
761 2498 920 2581 pedesque
943 2499 1070 2562 confusi

60 2587 133 2651 sine
161 2585 254 2666 duce,
288 2585 420 2650 armatis
447 2585 599 2668 inermes,
630 2586 763 2669 integris
791 2585 912 2649 debiles
938 2585 1070 2668 inplica-

61 2674 190 2738 bantur.
235 2671 358 2737 Deinde
381 2672 653 2737 misericordiam
675 2676 797 2736 metum
819 2694 919 2755 versa,
944 2674 999 2756 qui
1022 2695 1122 2742 se-12

85 2761 120 2825 ui
141 2782 211 2826 non
232 2764 390 2844 poterant,
414 2761 498 2825 inter
520 2764 648 2824 mutuos
672 2761 810 2844 gemitus
833 2761 1070 2826 deserebantur.

62 2784 142 2914 diris
165 2848 334 2932 praecipue
356 2848 510 2933 fatigatos
533 2851 567 2912 et
589 2848 714 2913 saucios
734 2850 913 2932 perurebat,
935 2850 1070 2932 passim-

62 2959 124 3023 que
152 2935 300 3002 omnibus
327 2937 404 3000 rivis
426 2939 668 3020 prostraverant
689 2958 824 3020 corpora
844 2938 1070 3021 praeterfluen-

61 3029 131 3092 tem
160 3046 277 3109 aquam
308 3024 412 3088 hianti
443 3045 498 3088 ore
525 3029 700 3108 captantes.
750 3024 853 3100 Quam
880 3047 953 3090 cum
980 3026 1071 3090 avide
1091 3045 1122 3095 13

61 3112 226 3178 turbidam
247 3113 442 3189 hausissent,
464 3112 678 3177 tendebantur
700 3114 859 3196 extemplo
882 3114 1069 3196 praecordia

62 3204 230 3284 premente
260 3201 337 3264 limo
368 3201 581 3284 resolutisque
613 3203 646 3265 et
675 3202 878 3283 torpentibus
910 3202 1071 3285 membris,

63 3309 137 3354 cum
165 3288 402 3372 supervenisset
422 3287 540 3372 hostis,
569 3289 661 3353 novis
683 3289 866 3353 vulneribus
890 3290 1070 3353 excitaban-

62 3379 126 3443 tur.
162 3376 299 3452 Quidam
322 3377 485 3459 occupatis
507 3377 660 3459 proximis
682 3377 760 3440 rivis
781 3377 985 3440 deverterant
1001 3377 1069 3440 lon·
1090 3397 1122 3444 14

63 3465 152 3550 gius,
180 3467 231 3548 ut,
259 3463 414 3550 quidquid
441 3464 557 3529 occulti
582 3464 726 3529 humoris
753 3485 890 3549 usquam
916 3468 1073 3546 manaret¹

63 3555 255 3636 exciperent,
276 3573 338 3618 nec
362 3553 427 3618 ulla
450 3552 531 3621 adeo
556 3552 630 3620 avia
651 3556 688 3621 et
707 3552 798 3620 sicea
805 3554 937 3616 lacuna
950 3552 1099 3624 eruum
