2356 3846
96 158 157 229 :38
375 175 376 178 ’
488 161 519 227 Q.
539 161 650 217 CUR‘I'I
667 161 755 217 RUFI

114 309 245 371 ventum
268 327 336 370 non
354 307 467 390 latere,
489 305 545 371 sed
566 311 654 372 reeta
675 307 783 372 fronte
806 306 934 372 direxit:
958 328 998 373 ea
1020 312 1128 374 cetera

113 415 211 478 opera
243 396 333 458 velut
363 395 423 459 sub
455 395 526 477 ipsa
556 395 692 459 latentia
721 396 885 461 tuebatur:
921 397 1127 461 latitudinem

113 504 240 566 quoque
270 483 381 567 aggeri
411 483 540 565 adiecit,
571 487 608 547 ut
635 487 741 548 turres
771 484 806 547 in
835 484 940 549 medio
967 485 1127 550 excitatae

78 570 225 654 eprooul
251 572 308 634 teli
329 572 416 634 iaetu
439 572 597 635 abessent.
642 571 742 636 Totas
765 575 874 636 autem
897 573 1126 639 arborensem

113 658 301 743 ingentibus
338 659 436 722 ramis
472 660 508 723 in
544 659 647 724 altum
682 660 856 744 iaciebant,
892 660 1005 725 deinde
1041 662 1126 726 saxis

114 747 294 812 onerabant
319 768 493 831 rursusque
520 749 648 812 cumulo
678 768 789 812 eorum
819 748 899 812 alias
923 749 1057 813 arbores
1079 750 1126 812 in·

112 835 265 917 ieiebant,
297 839 367 899 tum
398 835 516 900 humus
548 836 780 920 aggerebatur:
817 857 913 920 super
944 858 1029 920 quae
1064 837 1127 901 alia

112 927 199 988 strue
236 945 385 988 saxorum
421 924 636 1008 arborumque
670 925 834 988 cumulata
864 925 953 988 velut
985 924 1126 1007 quodam

112 1033 195 1074 nexu
223 1012 393 1076 continens
419 1034 500 1094 opus
523 1012 703 1076 iunxerant.
751 1011 820 1076 Neo
843 1011 946 1096 Tyrii,
969 1012 1126 1096 quidquid

112 1100 152 1163 ad
183 1099 409 1183 inpediendam
446 1100 564 1164 molem
597 1101 774 1185 exoogitari
804 1104 947 1184 poterat,
983 1102 1128 1186 segniter

60 1209 93 1257 10
111 1189 358 1270 exequebantur.
402 1187 613 1271 Praeoipuum
641 1189 794 1252 auxilium
818 1192 902 1270 erat,
935 1189 990 1271 qui
1012 1190 1127 1272 procul

110 1276 253 1340 hostium
283 1279 458 1358 conspeetu
488 1276 640 1340 subibant
669 1299 786 1359 aquam
814 1277 1003 1360 occultoque
1032 1277 1127 1360 lapan

111 1364 152 1426 ad
172 1365 291 1428 molem
309 1384 409 1448 usque
428 1364 650 1448 penetrabant,
673 1365 809 1428 falcibus
828 1365 953 1448 palmas
973 1365 1127 1429 arborum

110 1452 321 1516 eminentium
348 1452 389 1515 ad
417 1473 451 1515 se
477 1452 658 1536 trahentes,
688 1473 770 1537 quae
793 1452 848 1517 ubi
872 1455 1001 1516 secutae
1025 1455 1127 1536 erant,

110 1541 263 1623 pleraque
295 1561 402 1604 secum
433 1541 468 1603 in
499 1540 696 1623 profundum
727 1540 864 1605 dabant:
899 1545 973 1604 turn
998 1541 1126 1605 levatos

111 1649 207 1692 onere
235 1628 360 1711 stipites
387 1632 582 1712 truncosque
610 1628 762 1693 arborum
784 1628 871 1693 haud
895 1648 990 1713 aegre
1014 1629 1127 1693 molie

110 1716 243 1780 bantur:
280 1716 395 1780 deinde
429 1720 536 1781 totum
569 1738 663 1800 opus,
702 1717 788 1800 quod
820 1717 985 1799 stipitibus
1018 1716 1127 1781 fuerat

109 1805 269 1886 innixum,
292 1805 502 1869 fundamento
525 1805 616 1887 lapso
639 1805 842 1889 sequebatur.

59 1914 90 1962 11
198 1894 307 1977 Aegro
330 1892 430 1955 animi
453 1892 634 1957 Alexandro
657 1913 732 1973 neo,
760 1896 982 1975 perseveraret
1003 1913 1048 1956 an
1071 1893 1128 1958 ab·

109 1980 184 2063 iret,
208 1982 287 2045 satis
310 1983 397 2044 serto
428 1979 539 2044 elassis
563 1977 671 2063 Cypro
694 1979 824 2044 advenit
846 1980 1022 2063 eodemque
1044 1983 1129 2044 tem-

110 2090 187 2151 pore
211 2066 367 2132 Cleander
394 2089 467 2132 uum
490 2065 618 2132 Graecis
646 2068 803 2132 militibus
825 2069 861 2131 in
883 2068 997 2131 Asiam
1021 2088 1128 2151 nuper

111 2156 262 2220 advectis.
316 2174 336 2220 c
368 2159 401 2219 et
431 2172 476 2220 xc
512 2156 643 2240 navigia
678 2157 713 2219 in
745 2156 809 2221 duo
842 2155 956 2220 dividit
987 2176 1127 2221 cornua:

109 2245 237 2307 laevum
260 2243 478 2328 Pnytagoras,
501 2266 557 2309 rex
580 2241 780 2328 Cypriorum,
803 2264 876 2308 oum
899 2242 1033 2309 Cratero
1056 2248 1127 2309 tne-

110 2331 215 2414 batur,
237 2332 458 2396 Alexandrum
480 2332 515 2396 in
533 2333 644 2396 dextro
663 2332 902 2416 quinqueremis
920 2331 1012 2416 regia
1029 2332 1128 2397 vehe·

60 2442 92 2491 12
111 2420 176 2483 bat.
224 2418 293 2484 Nee
322 2419 424 2503 Tyrii,
456 2441 650 2504 quamquam
678 2421 815 2484 classem
843 2420 1023 2502 habebant,
1056 2421 1129 2485 ausi

110 2509 225 2572 navale
248 2508 329 2572 inire
352 2511 532 2572 certamen:
564 2508 623 2571 tris
647 2509 779 2572 omnino
803 2511 879 2572 ante
902 2508 975 2590 ipsa
996 2509 1129 2573 moenia

111 2600 344 2681 opposuerunt,
367 2596 483 2680 quibus
506 2618 563 2660 rex
584 2596 731 2660 inveetus
753 2598 817 2661 istu
838 2596 910 2679 ipso
934 2594 1099 2660 demersit

59 2708 90 2757 1³
198 2684 332 2750 Postera
367 2684 418 2748 die
452 2686 554 2749 olasse
586 2684 626 2748 ad
658 2685 787 2748 moenia
819 2683 950 2748 admota
980 2683 1127 2768 undique
1137 2682 1169 2748 14

109 2774 280 2837 tormentis
304 2777 337 2837 et
358 2773 495 2837 maxime
514 2773 651 2837 arietum
663 2772 759 2856 pulsu
773 2792 883 2836 muros
897 2770 1018 2854 quatit:
1043 2792 1126 2855 quos

109 2859 200 2944 Tyrii
230 2861 349 2944 raptim
382 2861 557 2926 obstruatis
590 2860 675 2925 saxis
706 2860 901 2941 refecerunt,
935 2860 1127 2925 interiorem

110 2970 236 3032 quoque
260 2971 401 3031 murum,
423 2953 473 3031 ut,
496 2949 524 3012 si
546 2948 635 3031 prior
655 2946 836 3030 fefellisset,
858 2948 914 3012 illo
938 2967 973 3011 se
995 2950 1126 3012 tueren-

58 3061 91 3110 14
109 3042 176 3118 tur,
207 3036 347 3120 undique
381 3039 454 3102 orsi.
504 3034 567 3100 Sed
594 3035 734 3120 undique
760 3036 811 3100 vis
839 3035 918 3099 mali
948 3035 1127 3120 urguebat:

110 3125 210 3189 moles
237 3125 325 3190 intra
351 3126 408 3190 tali
435 3126 556 3189 iactum
584 3128 668 3208 erat,
700 3124 812 3188 elassis
838 3123 969 3188 moenia
990 3123 1126 3188 oneum

109 3213 192 3277 ibat:
205 3214 348 3278 terrestri
363 3214 458 3279 simul
468 3213 639 3297 navalique
650 3213 740 3277 olade
749 3211 977 3277 obruebantur.
996 3209 1126 3297 Quippe

109 3302 204 3366 binas
231 3302 447 3384 quadriremes
475 3300 668 3366 Macedones
694 3302 780 3365 inter
807 3321 841 3364 se
868 3300 916 3364 ita
942 3300 1126 3383 iunxerant,

110 3394 148 3455 nt
169 3411 283 3473 prorae
306 3390 522 3473 cohaererent,
544 3410 669 3473 puppes
690 3389 871 3472 intervallo,
894 3391 1053 3472 quantum
1074 3409 1126 3453 oa·

36 3494 77 3536 15
88 3496 178 3551 pere
202 3482 376 3561 poterant,
414 3478 588 3543 distarent:
623 3478 687 3543 hoo
722 3477 879 3562 puppium
915 3476 1126 3541 intervallum

73 3561 252 3626 antemnis
276 3567 520 3655 asseribusque
553 3566 675 3635 validis
704 3565 857 3651 deligatis
884 3584 1045 3647 superque
1071 3584 1129 3628 eus
