2356 3846
258 185 514 244 merentium
531 158 746 242 scamnum
763 185 812 257 vr,
830 191 854 240 s.
999 186 1064 251 135

52 330 102 397 At
119 350 195 417 ego,
217 331 346 396 etiamsi
368 331 439 416 ipse
461 331 512 396 vel
534 331 736 415 paenitentia
757 331 809 395 rel
831 329 988 395 beneficio
1008 334 1103 399 tuor

52 420 160 485 rietus
181 420 343 503 quiescere
360 420 461 502 volet,
479 422 604 502 patrem
623 420 690 484 eius
704 417 964 500 Parmenionem,
981 418 1067 483 tanti

52 509 167 572 ducem
182 507 340 573 exercitus
354 511 388 572 et
406 509 586 572 inveterata
600 508 685 591 apud
704 507 825 571 milites
840 527 915 572 suos
931 506 1068 571 auctori-

53 600 125 661 tate
152 595 239 660 haud
264 597 404 662 multum
430 595 517 661 infru
544 595 777 680 magnitudinis
799 599 876 660 tuae
898 594 1068 680 fastigium

54 685 212 769 positum,
237 684 304 750 scio
327 704 392 750 non
414 705 517 768 aequo
536 684 644 749 animo
664 684 803 750 salutem
826 683 885 749 filii
908 684 959 747 sui
983 683 1069 747 debi-

54 778 166 838 turum
184 773 254 838 tibi.
287 772 451 849 Quaedam
471 772 625 838 beneficia
644 772 780 837 odimus.
811 770 967 836 Meruisse
985 793 1068 836 mor·
1087 791 1104 840 e

55 869 125 926 tem
144 861 291 927 confiteri
311 860 423 945 pudet:
445 864 605 944 superest,
628 865 666 925 ut
683 860 779 926 malit
796 859 898 924 rideri
916 859 1068 924 iniurium

60 950 236 1033 accepisse,
259 970 354 1033 quam
373 950 484 1014 vitam.
517 948 657 1014 Proinde
675 950 755 1014 seito
774 947 837 1013 tibi
855 968 928 1012 cum
946 947 1011 1012 illis
1030 947 1069 1012 de

59 1039 163 1103 salute
192 1059 262 1103 esse
292 1038 509 1122 pugnandum.
559 1034 646 1102 Satis
673 1037 815 1103 hostium
841 1038 1000 1120 superest,
1028 1034 1105 1104 ade

58 1148 139 1210 quos
170 1124 408 1210 persequendos
440 1125 518 1190 ituri
549 1147 673 1190 sumus:
714 1127 799 1190 latus
832 1147 852 1189 a
883 1122 1069 1188 domesticis

10 1205 48 1271 30
57 1213 208 1278 hostibus
236 1214 335 1279 muni.
380 1212 453 1279 Hos
482 1215 511 1279 si
544 1234 739 1295 summoves,
770 1212 852 1277 nihil
885 1216 995 1277 metuo
1028 1211 1069 1275 ab

57 1300 211 1367 externo?
248 1301 338 1367 Haec
355 1298 519 1366 Craterus.
554 1300 623 1367 Nec
642 1301 741 1367 ceteri
762 1301 969 1384 dubitabant,
993 1300 1071 1385 quin
1091 1319 1125 1368 10

58 1390 291 1455 coniurationis
321 1389 477 1454 indicium
509 1410 739 1472 suppressuras
766 1410 832 1453 non
861 1387 979 1453 fuisset
1006 1388 1071 1452 nisi

58 1482 173 1543 auctor
187 1482 244 1543 aut
257 1477 428 1562 particeps.
459 1476 560 1552 Quem
576 1478 661 1541 enim
674 1479 764 1561 pium
777 1480 810 1542 et
824 1478 928 1541 bonae
943 1476 1072 1560 mentis,

57 1586 124 1630 non
143 1566 283 1630 amicum
305 1565 415 1649 modo,
437 1564 492 1629 sed
512 1585 552 1629 ex
569 1565 685 1629 ultima
703 1565 811 1648 plebe,
835 1564 967 1648 auditis,
990 1586 1072 1648 quae

57 1654 100 1718 ad
128 1674 203 1718 eum
229 1653 338 1718 delata
366 1656 470 1735 erant,
498 1674 565 1718 non
592 1653 738 1737 protinus
766 1652 807 1717 ad
833 1673 944 1738 regem
971 1652 1072 1717 luisse

57 1742 250 1808 cursurum?
272 1761 312 1805 ne
331 1738 478 1811 Cebalini
501 1741 630 1824 quidem
654 1740 816 1825 exemplo,
840 1742 896 1824 qui
914 1763 953 1805 ex
971 1740 1071 1805 fratre
1092 1760 1125 1808 ιι

57 1833 213 1914 conperta
226 1829 290 1913 ipsi
302 1830 493 1912 nuntiasset,
506 1828 729 1895 Parmenionis
743 1827 856 1913 filium,
871 1829 1072 1913 praefectum

57 1919 233 2002 equitatus,
247 1918 391 1983 omnium
405 1937 596 1982 areanorum
610 1917 696 2002 regis
711 1918 884 1983 arbitrum!
903 1917 1073 1981 simulasse

57 2007 171 2088 etiam,
189 2027 256 2071 non
269 2025 402 2071 vacasse
420 2005 562 2070 sermoni
580 2027 639 2070 suo
652 2026 775 2090 regem,
794 2027 835 2069 ne
854 2005 950 2070 index
969 2005 1071 2069 alium

57 2094 293 2158 internuntium
313 2099 488 2177 quaereret
523 2092 756 2159 Nicomachum
771 2092 929 2176 religione
943 2115 1071 2178 quoque
1092 2111 1124 2159 sa

56 2183 155 2246 deum
187 2181 380 2246 adstrictum
412 2180 641 2246 eonscientiam
673 2202 766 2246 suam
794 2202 969 2246 exonerare
1000 2202 1072 2265 pro-

57 2291 205 2354 perasse:
241 2267 404 2334 Philotam
436 2272 629 2353 consumpto
665 2290 724 2352 per
756 2269 868 2334 ludum
903 2269 1072 2353 iocumque

57 2378 164 2442 paene
185 2360 257 2422 toto
279 2357 331 2422 die
355 2361 524 2442 gravatum
542 2377 613 2422 esse
635 2377 741 2440 pauca
757 2357 855 2422 rerba
877 2358 1071 2442 pertinentis

58 2446 102 2511 ad
125 2450 222 2529 caput
244 2446 330 2530 regis
355 2450 424 2510 tam
451 2445 550 2529 longo
572 2448 605 2509 et
632 2446 772 2510 forsitan
800 2465 997 2528 supervacuo
1025 2447 1072 2510 in·

59 2555 168 2600 serere
191 2534 340 2598 sermoni.
385 2533 432 2596 At
454 2533 540 2597 enim
568 2553 602 2597 ee
628 2554 694 2598 non
717 2533 889 2598 credidisse
916 2534 997 2598 talia
1019 2533 1072 2597 de·
1093 2553 1126 2602 13

58 2622 238 2688 ferentibus
257 2621 380 2705 pueris!
411 2618 478 2685 Our
496 2620 598 2706 igitur
617 2621 812 2686 extraxisset
829 2621 971 2703 biduum,
989 2624 1072 2685 tam·

57 2731 160 2794 quam
178 2708 296 2777 iudicio
314 2709 449 2775 haberet
466 2706 583 2774 fidem?
610 2708 838 2775 dimittendum
855 2709 956 2773 fuisse
970 2707 1072 2774 Oeba-

58 2799 178 2880 linum,
201 2798 229 2863 si
251 2797 447 2864 delationem
466 2798 534 2862 eius
554 2797 738 2862 damnabat
775 2796 812 2862 In
832 2817 890 2862 suo
914 2817 1073 2880 quemque
1093 2816 1128 2866 14

58 2887 208 2971 periculo
222 2906 377 2972 magnum
395 2887 539 2952 animum
557 2885 687 2964 habere,
709 2907 782 2950 cum
800 2884 840 2949 de
861 2885 966 2950 salute
986 2886 1073 2970 regis

58 2976 239 3057 timeretur,
256 2975 400 3040 credulos
415 2995 485 3039 esse
503 2973 628 3056 debere,
646 2995 729 3038 vena
747 2994 874 3057 qnoque
892 2972 1073 3039 deferentes

59 3063 241 3128 admittere.
276 3062 394 3128 Omnes
413 3062 514 3147 igitur
537 3062 758 3146 quaestionem
781 3061 820 3126 de
839 3083 892 3145 eo,
914 3065 951 3126 ut
973 3061 1127 3147 parti-1⁶

59 3152 148 3235 cipes
174 3151 305 3216 sceleris
332 3151 475 3216 indicare
502 3154 686 3235 cogeretur,
712 3149 896 3214 habendam
923 3172 994 3216 esse
1022 3151 1074 3215 de-

10 3250 46 3315 31
59 3242 205 3305 cernunt.
249 3238 319 3304 lter
347 3237 543 3322 admonitos,
575 3241 612 3302 ut
638 3237 809 3303 consilium
837 3238 968 3304 silentio
1001 3259 1073 3321 pre—

58 3333 198 3412 merent,
221 3327 365 3393 dimittit
406 3325 615 3392 Pronuntiari
638 3325 751 3390 deinde
772 3327 835 3392 iter
852 3327 886 3391 in
909 3329 1073 3411 posterum

57 3416 164 3499 iubet,
191 3437 233 3481 ne
260 3437 324 3504 qua
350 3415 428 3482 nori
454 3414 527 3480 initi
550 3413 679 3479 consilii
702 3414 832 3481 daretur
854 3417 943 3480 nota
987 3414 1073 3479 Invi·
1094 3433 1126 3482 re

57 3507 150 3570 tatus
172 3508 223 3570 est
244 3504 344 3569 etiam
361 3501 509 3569 Philotas
529 3503 569 3567 ad
587 3501 720 3573 ultimae
743 3503 812 3587 ipsi
832 3505 949 3584 epulas
964 3505 1003 3562 et
1017 3522 1085 3560 eeu

54 3613 123 3660 uon
142 3612 277 3659 manare
293 3592 402 3681 modo,
421 3593 481 3661 sed
499 3593 605 3662 etiam
620 3591 840 3661 tamiliar'xteu
854 3583 1023 3659 cumeum
1031 3596 1117 3637 sm
