2356 3846
110 163 154 230 52
483 159 515 228 Q.
534 161 646 217 cuum
662 159 751 217 num

109 310 191 394 lippi
218 312 327 374 autem
343 328 463 374 omnes
484 305 583 372 luisse
606 305 778 391 supplicia:
815 305 944 389 adiecit,
970 304 1128 370 invictum

107 397 193 482 fore,
216 398 317 462 donee
340 395 505 465 excederet
527 395 568 460 ad
591 395 676 460 deos.
716 393 878 460 Sacrificio
901 393 1015 458 deinde
1037 393 1126 459 fecto

110 487 195 552 dona
217 489 251 549 et
273 485 493 550 sacerdotibus
526 487 559 548 et
585 483 645 548 deo
673 483 750 548 data
772 485 849 548 sunt
870 482 1127 566 permissumque

110 574 247 658 amicis,
265 577 302 638 ut
324 573 386 657 ipsi
408 594 536 658 quoque
559 572 761 637 consulerent
781 570 900 636 Iovem.
944 568 1037 634 Nihil
1059 592 1127 635 am-

110 662 194 746 plius
219 662 426 745 quaesierunt
448 682 562 745 quam,
592 682 634 725 an
666 663 779 726 auctor
809 662 896 724 esset
922 658 985 723 sibi
1007 658 1126 723 divinis

58 771 92 821 29
110 751 288 815 honoribus
311 749 435 815 colendi
458 771 551 814 suum
574 768 693 834 regem.
721 747 794 813 Hoc
812 768 939 833 quoque
958 750 1125 831 acceptum

32 851 40 861 ‘
110 838 181 903 fore
208 838 278 903 Iovi
305 841 395 902 vetes
418 837 623 922 respondent.
667 835 755 900 Vera
777 839 811 901 et
833 836 954 900 salubri
977 834 1126 900 aestime-

109 927 199 991 tione
225 927 374 1009 pessumi
406 926 503 990 fidem
534 926 656 991 oraculi
686 946 771 989 vana
798 923 942 1008 profecto
968 945 1127 1008 responsa

109 1015 141 1079 ei
163 1014 268 1079 videri
285 1015 481 1098 potuissent:
505 1014 561 1079 sed
578 1014 721 1097 fortuna,
742 1034 823 1097 quos
841 1012 899 1077 uni
917 1011 979 1076 sibi
997 1011 1126 1077 credere

111 1104 229 1188 coligit,
261 1123 382 1186 magna
413 1124 452 1166 ex
483 1105 575 1186 parte
606 1101 717 1167 avidos
748 1101 870 1186 gloriae
897 1099 1001 1184 magis
1029 1121 1127 1184 quam

58 1211 92 1261 30
112 1211 245 1274 capaces
277 1189 365 1255 facit.
413 1189 500 1255 Iovis
531 1191 632 1276 igitur
658 1189 759 1254 filium
786 1210 820 1253 se
846 1210 914 1254 non
937 1190 1042 1253 solum
1070 1210 1127 1272 ep·

110 1279 224 1362 pellari
247 1300 361 1362 passus
385 1281 443 1361 est,
466 1278 523 1343 sed
545 1278 643 1343 etiam
660 1277 756 1342 iussit
773 1298 942 1361 rerumque
961 1280 1127 1362 gestarum

111 1365 245 1450 famam,
276 1366 352 1431 dum
384 1386 501 1451 augere
531 1367 601 1430 vult
628 1366 687 1430 tali
713 1365 943 1450 appellatione,
974 1365 1128 1449 eorrupit.

58 1475 91 1523 31
111 1453 156 1518 Et
178 1453 385 1536 Macedones,
416 1454 542 1518 adsueti
569 1452 698 1538 quidem
720 1455 810 1540 regio
832 1454 980 1537 imperio,
1012 1453 1069 1517 sed
1091 1454 1128 1516 in

112 1543 232 1606 maiore
256 1542 416 1614 libertatis
438 1542 554 1606 umbra
576 1564 673 1627 qnam
695 1545 819 1607 ceterae
842 1544 970 1627 gentes,
996 1541 1126 1605 immor·

110 1631 271 1695 talitatem
294 1631 510 1695 adfectantem
530 1631 759 1713 contumacius,
781 1651 879 1713 quam
902 1632 958 1693 aut
975 1629 1055 1712 ipsis
1074 1651 1126 1694 ex-

58 1739 92 1788 32
111 1719 261 1804 pediebat
284 1723 340 1782 aut
361 1719 443 1804 regi,
466 1719 606 1784 aversati
629 1722 713 1784 sunt.
758 1716 822 1782 Sed
844 1717 924 1782 haee
947 1739 1005 1782 suo
1029 1738 1127 1801 quae-

111 1828 173 1892 que
195 1808 335 1890 tempori
356 1810 572 1872 reserventur:
596 1828 683 1872 nunc
706 1809 812 1871 cetera
834 1805 948 1891 exequi
970 1825 1113 1890 pergam.

527 1963 605 2029 Ore.
628 1962 717 2029 VIII.

77 2091 91 2140 1
199 2070 381 2135 Alexander
408 2070 449 2134 ab
472 2068 654 2134 Hammone
676 2068 803 2133 rediens
825 2069 867 2134 ad
888 2069 1049 2135 Mareotin
1071 2068 1172 2153 pai-33

110 2157 219 2222 ludem
251 2158 338 2223 haud
367 2158 479 2242 procul
506 2159 612 2222 insula
638 2155 744 2222 Pharo
773 2157 869 2222 sitam
895 2158 992 2222 venit.
1042 2155 1127 2224 Oen·

110 2247 286 2328 temptatus
303 2246 367 2310 loci
385 2249 536 2310 naturam
553 2246 693 2330 primum
711 2244 746 2309 in
762 2245 833 2328 ipsa
847 2245 954 2310 insula
967 2248 1128 2310 statuerat

112 2334 225 2398 urbem
247 2355 364 2398 novam
387 2333 534 2418 condere,
555 2333 629 2397 inde
651 2336 689 2398 ut
710 2333 861 2417 adparuit
882 2354 1020 2419 magnae
1041 2335 1127 2399 sedis

111 2422 250 2486 insulam
282 2421 368 2486 haud
400 2442 551 2505 capacem
579 2443 663 2504 esse,
695 2421 793 2506 elegit
819 2421 892 2486 urbi
919 2423 1039 2507 locum,
1069 2423 1126 2487 ubi

111 2531 199 2575 nunc
222 2513 272 2574 est
284 2508 496 2594 Alexandrea,
518 2509 769 2593 appellationem
785 2509 919 2575 trahens
938 2532 977 2574 ex
993 2511 1126 2575 nomine

77 2599 262 2665 aauetoris.
308 2596 505 2682 Conplexus,
533 2596 687 2681 quidquid
714 2598 775 2662 soli
797 2601 847 2662 est
869 2598 953 2662 inter
974 2599 1126 2683 paludem

112 2707 150 2750 ac
172 2708 270 2771 mare,
293 2687 461 2771 octoginta
484 2686 661 2751 stadiorum
683 2687 784 2751 muris
805 2687 962 2752 ambitum
986 2686 1127 2752 destinat

112 2777 158 2856 et,
189 2774 246 2857 qui
273 2775 527 2839 exaedificandae
552 2775 625 2839 urbi
652 2778 851 2859 praeessent,
882 2775 1002 2840 relictis
1025 2774 1124 2842 Mem·

77 2859 202 2944 aphim
224 2864 315 2945 petit.
350 2861 474 2946 Cupido
497 2862 583 2927 haud
605 2863 727 2927 iniusta
749 2862 891 2947 quidem,
913 2866 1055 2928 ceterum
1077 2865 1125 2928 in-

111 2950 304 3032 tempestiva
339 2951 526 3034 incesserat,
560 2971 628 3014 non
659 2950 813 3014 interiora
848 2951 944 3017 modo
975 2952 1125 3037 Aegypti,

112 3036 168 3101 sed
196 3037 294 3101 etiam
317 3037 525 3123 Aethiopiam
547 3037 698 3102 inrisere:
723 3037 906 3104 Memnonis
928 3039 1125 3125 Tithonique

117 3124 278 3189 celebrate
309 3126 399 3210 regia
431 3125 673 3211 cognoscendae
702 3127 873 3191 vetustatis
902 3128 1030 3192 avidum
1059 3133 1124 3193 trs-

76 3231 94 3279 4
112 3213 211 3276 hebet
236 3234 338 3296 paene
361 3217 451 3278 extra
472 3214 628 3278 terminos
650 3213 735 3278 solis.
781 3211 843 3280 Sed
866 3216 1037 3281 imminens
1059 3217 1124 3282 bel·

112 3299 193 3402 lum,
216 3300 306 3402 cuius
329 3302 432 3367 multo
454 3302 559 3368 maior
578 3305 745 3387 supererat
761 3303 871 3386 moles,
893 3304 1016 3369 otiosae
1033 3326 1124 3388 pere·

95 3390 1125 3566 milltltlltt¹⁰t²ttildlillitterati

78 3556 162 3617 tuor
174 3563 318 3630 milibus
333 3567 483 3636 militum
501 3568 540 3635 in
559 3567 762 3657 praesidium
777 3568 925 3656 regionis
941 3569 1012 3632 ems
1028 3569 1129 3633 datiae
