2356 3846
128 241 133 247 ,
243 168 500 226 HISTORIARUM
518 168 735 224 ALEXANDRI
752 170 791 240 V,
812 176 836 226 6.
857 177 882 227 7.
1027 170 1071 234 99

56 320 90 381 et
116 316 244 380 aemulo
266 314 359 399 regni
380 316 552 397 reparante
574 313 786 378 cummaxime
808 314 941 397 bellum,
969 336 1072 399 nuper

56 403 212 487 subactis,
240 423 321 486 quos
343 402 475 486 vicerat,
500 421 682 484 nouumque
704 402 874 486 imperium
897 424 1071 487 aspernan-

56 493 145 556 tibus
176 491 217 556 de
249 489 300 555 die
331 490 436 554 inibat
466 490 626 572 convivia,
662 491 779 575 quibus
806 490 946 555 feminae
972 492 1070 555 inter·

57 583 164 664 erant,
195 600 262 644 non
293 577 420 662 quidem
453 599 533 662 quas
561 578 675 642 violari
704 577 796 642 nefas
824 583 921 661 esset,
953 580 1071 663 quippe

56 668 185 751 pelices,
206 666 356 732 licentius
378 687 475 750 quam
497 665 632 730 decebat
653 685 726 730 cum
749 670 873 731 armato
892 667 998 731 uivere
1018 666 1071 731 ad-

57 759 176 820 suetae.
212 753 264 819 Ex
282 755 333 818 his
351 775 418 818 una
430 753 540 837 Thais,
557 756 591 817 et
604 754 677 836 ipsa
691 755 879 838 temulenta,
897 756 1071 819 maximam
1090 773 1106 821 3

57 843 143 926 apud
175 863 286 907 omnes
317 839 457 906 Graecos
488 842 644 906 initurum
675 843 814 926 gratiam
847 843 1007 926 adfirmat,
1042 844 1072 907 si

55 931 180 1016 regiam
202 929 373 995 Persarum
394 929 544 995 iussisset
565 930 705 994 incendi:
731 933 898 1013 expectare
921 930 983 996 hoe
1006 951 1072 1013 eos,

57 1040 195 1102 quorum
213 1018 308 1083 urbes
327 1017 456 1082 barbari
475 1018 642 1082 delessent.
677 1017 778 1082 Ebrio
797 1022 903 1083 scorto
922 1018 960 1081 de
978 1021 1072 1083 tanta
1090 1038 1107 1086 4

56 1128 91 1170 re
114 1106 238 1171 ferente
261 1106 454 1171 sententiam
477 1127 561 1170 unus
583 1111 612 1170 et
633 1106 723 1190 alter,
746 1106 808 1169 et
799 1107 861 1188 ipsi
884 1127 973 1170 mero
997 1127 1071 1169 one-

57 1197 108 1258 rat
108 1195 133 1279 i,
93 1193 400 1259 tadsentiuntur
451 1192 521 1258 Rex
553 1214 679 1295 quoque
711 1193 835 1257 auidior
866 1192 929 1256 fuit
933 1215 1072 1276 ,quam

57 1282 241 1365 patientior.
287 1279 384 1358 Quin
411 1281 522 1366 igitur,
553 1283 670 1364 inquit,
643 1281 882 1346 tulciscimur
905 1243 1071 1344 Graeciam

58 1373 92 1433 et
120 1369 195 1434 urbi
225 1369 312 1434 faces
345 1368 546 1434 subdimust'
592 1368 711 1433 Omnes
740 1370 940 1434 incaluerant
926 1373 1070 1433 t2mero
1091 1388 1107 1437 5

58 1458 166 1542 itaque
194 1465 332 1542 surgunt
352 1457 522 1521 temulenti
544 1456 585 1520 ad
607 1457 841 1521 incendendam
865 1457 989 1540 urbem,
1021 1456 1072 1521 cui

59 1545 177 1610 armati
202 1549 420 1628 pepercerant.
464 1543 592 1608 Primus
614 1565 671 1608 rex
692 1545 802 1629 ignem
823 1544 930 1629 regiae
953 1544 1072 1628 iniecit,

58 1636 128 1697 turn
149 1633 302 1698 convivae
320 1636 354 1696 et
371 1632 512 1696 ministri
530 1632 718 1715 pelicesque.
753 1631 857 1696 Multa
874 1633 968 1696 cedro
988 1633 1072 1696 aedi·

58 1721 155 1785 ficata
185 1724 257 1784 erat
287 1720 390 1805 regia,
424 1741 505 1804 qnae
536 1720 682 1802 celeriter
712 1720 788 1804 igne
819 1723 975 1803 concepto
1007 1720 1072 1784 late

57 1807 142 1873 fudit
162 1808 356 1874 incendium.
393 1806 486 1884 Quod
508 1808 563 1872 ubi
587 1807 751 1891 exereitus,
775 1808 830 1891 qui
852 1806 938 1870 haud
960 1808 1072 1890 procul
1091 1829 1107 1878 c

57 1897 138 1961 urbe
169 1895 336 1979 tendebat,
372 1895 553 1978 conspexit,
584 1895 753 1959 fortuitum
783 1900 873 1959 ratur
906 1893 947 1957 ad
978 1916 1072 1978 opem
1159 1941 1161 1945 «

57 1983 225 2049 ferendam
247 1985 417 2049 concurrit
453 1982 515 2048 Sed
537 1986 574 2046 ut
596 1983 636 2048 ad
658 1983 852 2048 vestibulum
870 1983 977 2066 regiae
995 2004 1106 2053 ven-7

57 2075 128 2136 tum
151 2074 210 2156 est,
229 2071 342 2136 uident
362 2091 472 2156 regem
493 2072 601 2154 ipsum
623 2071 728 2135 adhuc
750 2074 959 2156 aggerentem
976 2070 1072 2135 faces.

58 2159 189 2224 Omissa
218 2159 331 2244 igitur,
362 2181 459 2244 quam
490 2162 713 2242 portauerant,
749 2180 833 2242 aqua
863 2159 933 2243 igni
962 2162 1072 2241 aptam

10 2247 48 2312 23
58 2247 225 2311 materiem
245 2247 282 2310 in
297 2247 482 2312 incendium
499 2247 602 2311 iacere
620 2251 803 2330 coeperunt.
838 2245 934 2311 Hunc
952 2247 1072 2310 exitum
1091 2268 1108 2318 8

57 2334 175 2399 habuit
204 2335 295 2418 regia
325 2336 427 2399 totius
455 2333 608 2419 Orientis,
639 2335 723 2399 unde
754 2338 806 2399 tot
835 2339 948 2420 gentes
976 2338 1073 2398 antea

57 2423 129 2487 iura
147 2423 311 2507 petebant,
332 2421 439 2506 patria
456 2426 507 2487 tot
524 2442 646 2506 regum,
667 2423 782 2489 unicus
800 2423 961 2506 quondam
976 2421 1072 2487 Grae

59 2511 126 2575 ciae
152 2513 269 2592 terror,
296 2511 409 2575 molita
431 2510 517 2574 mille
539 2511 671 2575 navium
693 2512 830 2575 classem
853 2514 886 2574 et
908 2512 1073 2593 exercitus,

59 2599 176 2683 quibus
194 2597 329 2683 Europa
350 2597 506 2663 inundata
527 2601 578 2664 est
599 2599 806 2663 contabulato
828 2598 910 2662 mari
933 2599 1072 2663 molibus

58 2685 275 2770 perfossisque
305 2687 483 2770 montibus,
514 2686 549 2750 in
575 2707 713 2770 quorum
738 2706 852 2770 specus
879 2686 997 2750 fretam
1023 2686 1072 2748 in·

59 2774 195 2839 missum
222 2776 279 2837 est.
324 2772 373 2839 Ac
399 2794 440 2838 ne
466 2776 534 2837 tam
561 2775 660 2857 longa
687 2774 815 2857 quidem
843 2770 961 2857 aetatej
991 2793 1107 2858 quaec

60 2862 218 2926 excidium
246 2862 314 2926 eius
337 2864 447 2926 secuta
470 2865 529 2946 est,
558 2862 738 2933 resurrexit.
783 2862 875 2926 Alias
898 2863 993 2927 urbes
1015 2863 1072 2928 ha·

59 2950 156 3014 buere
183 2948 396 3015 Macedonum
421 2968 528 3036 reges,
558 2951 666 3034 [quas]
690 2970 776 3013 nunc
798 2950 921 3014 habent
941 2948 1071 3015 Parthi:

58 3037 154 3102 huius
186 3037 358 3122 uestigium
386 3059 454 3103 non
479 3038 690 3121 inveniretur,
721 3038 784 3101 nisi
811 3037 935 3102 mares
968 3039 1072 3102 amnis

60 3125 253 3191 ostenderet.
283 3125 380 3190 Haud
392 3127 505 3209 procul
519 3088 690 3192 moenibus,
701 3125 850 3189 fluxerat.
871 3125 945 3190 inde
959 3127 1072 3190 urbem

58 3213 159 3279 fuisse
181 3231 229 3278 xx
242 3214 354 3278 stadiis
378 3214 500 3279 distant
485 3217 552 3278 tem
574 3214 707 3279 credunt
726 3213 830 3297 magis
850 3234 947 3296 quam
967 3213 1073 3277 sciunt

60 3302 196 3367 accolae
236 3300 383 3366 Pudebat
403 3301 594 3367 Macedones
617 3305 684 3365 tam
707 3301 903 3383 praeclaram
921 3301 1034 3364 urbem
1053 3322 1073 3365 a
1091 3319 1125 3370 ιο

61 3389 309 3456 comissabundo
331 3410 406 3475 rege
429 3391 566 3454 deletam
588 3410 667 3453 asse.
698 3388 811 3472 ltaque
830 3408 881 3452 res
899 3389 935 3451 in
954 3388 1072 3452 serium

60 3498 153 3543 versa
176 3481 225 3543 cst
247 3481 280 3542 et
301 3479 539 3563 Mperaverunt
561 3477 675 3561 sibi‚u
653 3480 690 3542 ut
712 3476 879 3541 crederent
896 3476 953 3539 illo
972 3475 1071 3572 potis·

61 3565 177 3632 simum
211 3566 308 3632 modo
342 3567 444 3635 fuisse
476 3565 662 3634 delendam.
707 3564 850 3651 ipsum
878 3559 1106 3691 utmorem
1115 3571 1161 3612 xx

912 3664 934 3711 q
1106 3689 1109 3693 .
1135 3687 1137 3691 ,
