2370 3834
269 169 526 229 HISTORIARUII
543 172 758 231 ALEXANDRI
775 173 850 245 VIII,
869 181 893 231 6.
914 180 937 228 7.
1046 173 1111 239 203

99 305 291 383 meminisse¹
308 317 423 383 debere
446 338 502 383 eos
524 317 591 382 iam
613 319 700 382 viros
720 339 803 384 esse:
825 317 921 403 idque
941 317 983 382 ad
1001 337 1112 383 conso·

99 405 232 471 landam
245 404 439 489 patientiam
451 405 621 472 verberum
635 427 678 470 sn
692 405 733 472 ad
746 406 946 473 incitandum
959 405 1113 472 iuvenum

98 493 245 560 dolorem
267 493 389 560 dictum
412 498 510 577 esset,
532 495 567 559 in
590 494 744 580 ambiguo
766 493 876 560 fuisse.
919 493 990 559 Rex
1013 494 1113 559 animi
1131 505 1166 556 rc

99 582 308 666 corporisque
334 603 450 668 sopore
477 582 633 661 discusso,
662 604 735 648 cum
762 583 846 648 tanti
872 582 1022 666 periculi,
1047 603 1112 666 quo

100 674 259 754 evaserat,
276 671 385 755 imago
400 670 501 737 oculis
515 671 692 756 oberraret,
706 669 930 754 Eurylochum
943 688 967 735 n
980 671 1112 737 talentis

98 763 135 824 et
156 758 323 824 cuiusdam
346 759 502 825 Tiridatis
528 760 700 844 opulentis.
718 759 813 825 bonis
841 759 992 843 protinus
1014 759 1114 825 donst

97 847 311 932 fratremque,
339 851 514 932 antequam
542 870 602 932 pro
625 850 730 913 salute
753 849 820 913 eius
843 851 1042 932 precaretur,
1064 869 1112 913 re·

99 934 219 1001 stituit.
241 933 379 1001 Sceleris
393 940 503 1002 autem
516 939 674 1022 auctores,
687 936 773 1002 inter
786 957 867 1020 quos
882 933 1113 1020 Callisthenen,
1131 945 1166 996 rr

99 1024 228 1088 vinctos
247 1024 411 1089 adservari
428 1025 531 1090 iubet:
550 1025 665 1110 quibus
684 1026 718 1090 in
735 1024 860 1110 regiam
880 1022 1024 1090 adductis
1042 1026 1113 1090 toto

100 1111 154 1176 die
171 1115 317 1194 etnoctc
339 1113 487 1196 proxima
504 1134 593 1179 mero
612 1135 650 1180 ac
667 1113 790 1199 vigiliis
811 1113 923 1199 gravis
939 1112 1113 1197 adquievit

44 1202 90 1269 24
98 1198 236 1266 Postero
256 1203 366 1266 autem
388 1201 541 1285 frequens
559 1202 731 1268 eonsilium
750 1200 1113 1285 censuissemus
1132 1208 1167 1259 28

98 1288 337 1374 propinquique
365 1310 490 1371 corum,
517 1288 556 1354 de
584 1291 701 1375 quibus
728 1289 897 1375 agebatur,
923 1289 1115 1372 intererant,

97 1399 142 1443 ne
164 1376 204 1443 de
231 1398 290 1442 sua
317 1377 445 1461 quidem
476 1377 581 1442 salute
609 1378 725 1444 securi:
754 1379 876 1464 quippe
901 1376 1114 1442 Macedonum

97 1485 190 1531 more
213 1465 318 1548 perire
340 1465 514 1549 debebant,
542 1467 688 1531 omnium
709 1465 836 1532 devotis
859 1466 1036 1550 capitibus,
1059 1465 1116 1550 qui

98 1554 257 1638 sanguine
279 1553 494 1638 contigissent
516 1575 599 1619 reos.
642 1552 712 1618 Rex
738 1553 900 1619 introduci
927 1554 1114 1618 coniuratos
1133 1563 1167 1612 29

97 1645 230 1726 praeter
257 1638 480 1706 Callisthenen
506 1641 617 1707 iussit:
649 1645 761 1726 atque,
793 1661 874 1725 quae
901 1642 1115 1726 agitaverant,

98 1731 171 1796 sine
194 1730 398 1795 cunctatione
428 1729 567 1809 confessi
594 1734 680 1796 sunt
724 1728 971 1813 Increpantibus
998 1728 1115 1794 deinde
1133 1738 1168 1790 80

97 1818 260 1884 universis
292 1838 348 1883 eos
379 1818 450 1902 ipse
482 1839 550 1902 rex,
583 1839 646 1903 quo
678 1839 737 1883 suo
769 1817 886 1883 merito
922 1819 1050 1883 tantum
1081 1817 1116 1883 in

98 1910 205 1973 semet
227 1906 429 1992 cogitassent
449 1906 591 1991 facinus,
612 1907 804 1990 interrogat.

518 2063 598 2130 (lar.
624 2063 697 2130 VII.

189 2171 404 2257 Stupentibus
421 2172 538 2237 ceteris
551 2169 760 2254 Hermolaus,
779 2167 860 2234 ‘Nos
878 2167 978 2254 vero',
997 2169 1115 2254 inquit,
1135 2181 1150 2230 1

98 2260 277 2346 ‘quoniam
294 2260 390 2345 quasi
406 2260 540 2344 nescias,
558 2259 696 2344 quaeris,
714 2257 879 2324 occidendi
895 2261 929 2322 te
944 2259 1115 2324 consilium

98 2349 247 2434 iniimus,
274 2349 441 2433 quianon
463 2351 500 2413 ut
527 2348 675 2434 ingenuis
697 2348 859 2431 imperare
881 2347 1031 2431 coepisti,
1058 2346 1115 2412 scd

97 2439 194 2522 quasi
211 2439 247 2502 in
264 2437 425 2521 mancipia
442 2434 622 2502 dominari’
653 2434 783 2500 Primus
799 2435 1004 2500 cx.omnibus
1022 2438 1115 2518 pater
1134 2445 1151 2493 2

98 2527 206 2612 ipsius
224 2524 362 2610 Sopolis,
379 2524 574 2608 parricidam
593 2524 693 2588 etiam
710 2522 856 2606 parentis
875 2523 926 2587 sui
944 2522 1114 2588 clamitans

99 2636 187 2699 esse,
210 2613 377 2699 consurgit
393 2616 428 2677 et
446 2612 486 2677 ad
505 2634 541 2677 os
565 2633 662 2677 manu
684 2611 813 2675 obiecta
832 2610 950 2674 scelere
968 2613 1002 2674 et
1018 2610 1113 2674 malis

99 2703 318 2770 insanientem
333 2701 420 2766 ultra
435 2704 535 2784 negat
549 2698 750 2765 audiendum.
764 2697 846 2763 ⁴Rex
863 2697 1005 2763 inhibito
1024 2700 1114 2781 patre
1133 2709 1150 2758 3

99 2790 207 2857 dicere
221 2789 440 2871 ‘Hermolaum
462 2789 569 2873 iubet,
595 2808 677 2871 quae
700 2809 739 2852 ex
762 2785 920 2870 magistro
949 2784 1117 2850 didicisset

99 2877 311 2946 Callisthene.
355 2877 401 2943 nt
421 2876 630 2960 Hermolaus,
657 2873 774 2960 ‘Utor',
801 2874 921 2958 inquit,
948 2872 1115 2939 ‘beneficio

99 2972 159 3034 tuo
187 2972 221 3033 et
248 2967 334 3052 dico,
365 2987 446 3050 quae
474 2965 597 3031 nostris
623 2963 719 3029 malis
747 2963 855 3028 didici.
903 2960 1013 3039 Quota
1038 2972 1151 3046 parer

69 3058 72 3062 ’
99 3055 313 3122 Macedonum
345 3054 498 3121 saevitiae
528 3057 604 3119 tuae
636 3051 805 3137 superest?
838 3054 957 3134 quotus
987 3050 1115 3135 quidem

99 3165 168 3210 non
201 3166 219 3210 e
250 3143 409 3210 vilissimo
442 3141 621 3227 sanguine?
670 3140 801 3207 Attclus
838 3143 872 3204 et
902 3138 1050 3205 Philotas
1082 3141 1116 3203 et

100 3231 272 3300 Parmenio
296 3237 329 3298 et
350 3230 528 3316 Lyncestes
551 3229 734 3296 Alexander
757 3232 791 3294 et
814 3225 933 3311 clitus,
959 3231 1115 3311 quantum

100 3321 145 3387 ad
161 3321 273 3388 hostes
290 3320 447 3407 pertinet,
463 3320 591 3402 vivunt,
609 3322 699 3384 stant
715 3318 751 3382 in
768 3317 850 3395 acie,
869 3318 903 3381 te
917 3315 1028 3400 clipeis
1047 3315 1115 3381 suis

100 3413 279 3495 protegunt
297 3412 331 3474 et
352 3428 413 3492 pro
432 3406 538 3493 gloria
555 3411 627 3491 tua,
648 3426 708 3490 pro
727 3404 862 3471 victoria
879 3403 1013 3470 vulnera
1030 3403 1115 3469 exci-

100 3498 208 3582 piunt:
237 3496 353 3581 quibus
381 3500 419 3561 tu
446 3495 612 3581 egregiam
640 3494 784 3580 gratiam
808 3491 985 3557 rettulisti.
1015 3489 1150 3584 ,ὡς

99 3604 244 3650 mensam
260 3589 353 3650 taam
363 3582 525 3672 sanguine
538 3605 601 3652 sno
615 3581 800 3670 adspersit.
827 3579 929 3644 nixus
941 3595 993 3636 us
1002 3567 1154 3642 sumile&
