2356 3846
100 161 164 225 100
473 158 505 224 o.
523 158 633 215 suan
650 159 738 214 som
849 114 854 122 ’

98 308 232 393 gravato
262 303 416 369 ebrietate
447 307 588 368 mentem
617 304 706 388 quies
733 303 884 388 reddidit,
914 304 1116 389 paenituisse

98 397 226 460 constat
248 396 282 458 et
304 392 434 476 dixisse,
458 391 597 457 maiores
619 412 741 476 poenas
764 391 895 457 Graecis
918 391 1035 458 Persas
1058 390 1115 458 da-

97 486 188 547 turos
216 481 328 564 fuisse,
357 481 385 544 si
411 480 518 563 ipsum
544 480 580 544 in
607 480 688 544 solio
714 502 750 544 re
776 479 783 493 ‘
806 501 868 564 que
890 478 1007 546 Xerxis
1037 501 1115 546 con-

47 569 220 653 respicere
243 568 346 632 coacti
369 571 484 632 essent.
526 566 660 632 Postero
684 567 735 632 die
752 501 866 651 hicio,
888 568 1025 652 itineris,
1047 590 1114 652 quo

98 656 261 722 Persidem
283 656 473 740 intraverat,
496 655 582 738 duci,
604 673 676 720 xxx
697 657 822 721 talenta
844 655 930 722 dono
954 656 1051 721 dedit.

186 743 271 808 Hinc
302 744 337 807 in
368 744 534 828 regionem
564 742 690 808 Mediae
720 743 863 826 transiit,
897 744 953 808 ubi
986 745 1115 829 supple·

98 835 243 897 mentum
265 852 425 897 novorum
445 853 463 895 e
486 829 599 896 Cilicia
619 832 759 896 militum
782 832 929 897 occm'rit
962 831 1116 897 Peditum

99 924 192 985 erant
204 938 228 984 v
241 920 339 1002 milia,
358 921 481 1004 equites
495 919 596 983 mille:
615 920 759 1003 utrisque
772 918 891 983 Platon
901 918 1116 985 Atheniensis

98 1012 253 1092 praeerat.
299 1006 359 1072 His
386 1008 488 1091 copiis
515 1011 629 1072 auctus
652 1006 793 1072 Dareum
819 1007 968 1091 persequi
990 1008 1117 1072 statuit.

513 1163 592 1230 Gna
615 1164 704 1230 VIII.

64 1293 79 1341 r
187 1271 245 1336 Ille
268 1273 332 1335 iam
345 1269 514 1335 Ecbatana
536 1274 734 1354 pervenerat.
771 1268 877 1355 Caput
890 1270 1015 1336 Mediae
1033 1272 1115 1337 urbs
1126 1273 1171 1338 24

98 1361 191 1425 haec:
213 1381 299 1423 nunc
315 1362 428 1424 tenent
439 1358 554 1423 Parthi
572 1379 671 1442 eaque
689 1359 813 1423 aestiva
830 1359 1001 1444 agentibus
1021 1359 1115 1424 sedes

99 1452 156 1513 est.
201 1447 300 1511 Adire
327 1445 441 1511 deinde
464 1445 583 1511 Bactra
605 1447 801 1530 decreverat,
831 1446 887 1511 sed
909 1447 1044 1531 veritus,
1072 1469 1116 1512 ne

99 1536 262 1601 eeleritate
298 1533 474 1599 Alexandri
514 1538 736 1618 occuparetur,
781 1535 952 1600 eonsilium
989 1535 1116 1618 iterque

65 1623 246 1691 amutavit.
285 1623 408 1687 Aberat
431 1622 471 1686 ab
495 1643 532 1686 eo
556 1622 738 1687 Alexander
760 1622 864 1686 stadia
885 1639 947 1706 un,
969 1621 1025 1687 sed
1048 1623 1118 1688 iam

99 1712 224 1776 nullum
259 1710 465 1776 intervallum
501 1710 666 1775 adversus
690 1710 893 1775 velocitatem
929 1711 998 1774 eius
1034 1711 1116 1776 satis

99 1801 233 1883 longum
260 1799 437 1863 videbatur.
482 1797 596 1881 Itaque
622 1798 745 1882 proelio
770 1798 875 1882 magis
899 1819 994 1881 quam
1016 1797 1117 1883 fugae

64 1907 135 1955 ase
162 1887 384 1971 praeparabat.
436 1903 507 1949 xxx
530 1886 619 1949 milia
648 1885 790 1969 peditum
819 1886 1051 1970 sequebantur,
1079 1887 1117 1951 in

99 1974 215 2059 quibus
234 1973 428 2039 Graecorum
450 1977 544 2038 erant
565 1991 616 2037 1111
629 1973 726 2056 milia,
748 1973 811 2037 fide
833 1973 882 2037 illi
904 1993 981 2058 erge
1003 1994 1117 2059 regem

65 2063 148 2130 rad
164 2063 314 2126 ultimum
345 2061 475 2125 invicta.
519 2059 732 2126 Funditorum
764 2082 892 2146 quoque
918 2065 951 2126 et
980 2063 1117 2146 sagitta·

99 2151 221 2215 riorum
252 2170 367 2214 manus
398 2167 450 2213 1111
476 2147 566 2213 milia
597 2149 791 2232 expleverat:
827 2152 955 2232 praeter
980 2149 1047 2214 'hos
1076 2168 1117 2216 111

99 2238 190 2302 milia
225 2241 258 2301 et
294 2253 357 2302 cco
388 2236 512 2321 equites
548 2240 653 2321 erant,
689 2236 827 2300 maxime
859 2235 1116 2303 Bactrianorum.

66 2344 82 2393 5
100 2325 220 2391 Bessus
242 2328 398 2409 praeerat,
420 2323 612 2389 Bactrianae
634 2323 776 2409 regionis
798 2324 989 2408 praefectus.
1032 2323 1117 2390 Oum

99 2414 162 2479 hoc
184 2414 313 2498 agmine
335 2412 468 2496 paulum
491 2412 664 2477 declinavit
685 2412 738 2477 via
760 2412 893 2477 inilitari
909 2413 1006 2477 iussis
1024 2434 1117 2496 prae-

66 2502 211 2570 soedere
242 2501 316 2565 lixis
347 2500 701 2585 inpedimentorumque
727 2501 925 2565 custodibus.
970 2498 1117 2567 Couulio

101 2590 214 2655 deinde
242 2588 411 2672 advocato,
443 2585 494 2652 ‘si
517 2609 590 2653 eum
612 2587 764 2673 ignavis',
794 2588 914 2672 inquit,
941 2586 990 2652 ‘et
1011 2589 1117 2672 pluris

101 2679 364 2763 qualemcumque
386 2677 487 2740 vitam
507 2676 645 2742 honesta
662 2680 765 2741 morte
784 2675 1032 2741 aestimantibus
1050 2675 1117 2742 for-

100 2769 181 2829 tuna
202 2786 250 2829 arc
271 2765 437 2846 iunxisset,
458 2767 597 2829 tacerem
619 2765 738 2848 potius,
760 2786 857 2848 quam
878 2763 1000 2828 frustra
1016 2765 1118 2830 verba

67 2871 82 2921 τ
102 2874 331 2918 consumerem.
365 2850 428 2916 Sed
451 2852 581 2935 maiore,
604 2873 701 2935 quam
722 2852 846 2935 vellem,
868 2851 1061 2918 documento
1084 2857 1119 2918 et

101 2941 252 3004 virtutem
275 2944 415 3005 vestram
439 2943 472 3004 et
491 2939 587 3003 fidem
605 2941 755 3022 expertus
773 2940 878 3024 magis
897 2940 995 3003 etiam
1013 2940 1117 3005 coniti

101 3028 216 3109 debeo,
248 3031 286 3091 ut
314 3028 431 3112 dignus
456 3027 578 3091 talibus
601 3025 711 3090 amicis
734 3025 809 3110 sim,
841 3049 937 3111 quam
960 3026 1117 3113 dubitare,

67 3136 145 3185 san
171 3115 270 3179 vestri
298 3115 418 3179 similes
445 3114 550 3179 adhuc
577 3112 657 3178 sitis.
706 3111 757 3177 Ex
783 3116 835 3178 tot
861 3114 1005 3199 milibus,
1033 3137 1116 3199 quae

103 3203 163 3268 sub
185 3201 319 3285 imperio
341 3203 474 3268 fuerunt
496 3222 582 3285 meo,
607 3201 658 3266 bis
681 3222 732 3265 me
754 3201 887 3286 victum,
915 3203 965 3269 bis
988 3203 1116 3289 fugien-

67 3294 168 3361 otem
200 3291 358 3374 persecuti
389 3291 475 3356 estis.
523 3288 618 3354 Fides
649 3291 758 3353 vestra
788 3293 822 3353 et
851 3291 1047 3375 cessantia,
1078 3297 1116 3356 ut

89 3375 1114 3552 aldulfi.ttlsllgrlthdmtdd.lddtlt

71 3547 209 3617 honore
237 3555 336 3641 dr‘gm
355 3555 540 3642 habentur,
573 3552 632 3622 sed
652 3555 691 3620 ut
699 3513 998 3638 'praemiis'eorum
1016 3554 1115 3620 uestri
