2356 3846
257 96 512 154 HISTORIARUM
530 96 746 152 ALEXANDRI
763 98 797 168 X,
817 104 841 153 6.
989 95 1055 162 277

37 265 209 310 commune
242 245 391 312 consulto
424 266 506 329 opus
538 243 652 328 fuerit,
689 265 805 328 eoque,
834 242 920 328 qnod
952 244 1056 310 maior

36 355 114 418 pars
138 354 251 399 eorum
269 333 457 418 decreverit,
475 336 592 398 stetur:
616 333 712 398 duces
730 332 951 417 praefectique
970 334 1056 416 eopi-

37 444 131 489 arnm
148 422 203 489 his
220 420 377 508 pareant?
412 421 602 488 Ptolemaeo
625 422 770 507 quidam,
792 422 962 507 pauciores
980 421 1056 487 Per-

37 510 147 579 diccae
165 511 442 579 adsentiebantur.
478 512 562 577 Tum
577 510 752 577 Aristonus
769 533 863 577 orsus
877 515 929 578 est
942 511 1056 597 dicere,
1076 518 1109 568 1e

38 600 259 667 Alexandrum
272 602 466 685 consultum,
480 622 533 667 cur
523 601 744 685 relinqueret
752 620 900 702 regnum,
914 601 1057 666 voluisse

38 691 200 774 optimum
226 690 335 793 deligi.
379 689 562 756 Iudicatum
590 694 699 757 autem
727 690 809 755 ab
798 712 871 775 rpso
895 691 1057 774 optimum

38 776 238 864 Perdiccam,
260 780 314 846 cui
337 780 470 845 anulum
487 779 684 845 tradidisset.
719 778 833 864 Neque
852 779 938 844 enim
956 788 1110 844 unum1⁷

41 887 111 935 eum
134 831 299 935 adsedisse
321 869 487 954 morienti,
509 867 566 934 sed
588 860 869 934 circumferentem
888 867 999 933 oculos
1018 890 1057 933 ex

40 958 135 1023 turba
152 957 331 1025 amicorum
351 957 519 1042 delegisse,
536 979 590 1023 eur
580 957 760 1023 trtadere.
792 956 926 1024 Placere
945 957 1057 1040 igitur,

43 1068 199 1113 summam
216 1047 347 1132 imperii
337 1046 402 1113 ad
414 1046 603 1113 Perdiccam
617 1045 743 1112 deferri.
774 1046 807 1112 N
809 1068 845 1112 ec
859 1046 952 1111 dubit
937 1050 1059 1131 ιιιιιι,
1078 1053 1110 1103 18

44 1135 118 1219 quin
143 1156 221 1201 vera
246 1139 402 1202 censeret.
437 1135 552 1221 Itaque
574 1135 718 1201 universi
739 1135 912 1221 procedere
935 1135 970 1200 in
994 1156 1058 1199 me

43 1222 128 1290 diam
144 1222 334 1290 Perdiccam
353 1229 386 1290 ιι
398 1225 487 1309 regis
502 1225 636 1291 anulum
649 1225 768 1291 tollere
781 1225 946 1290 iubebant
974 1223 1059 1289 Hae·

42 1313 132 1380 rebat
154 1312 241 1379 inter
258 1312 470 1399 cupiditatem
488 1314 708 1398 pudoremque
727 1319 772 1394 et,
795 1336 860 1399 quo
879 1313 1057 1379 modestius

43 1401 125 1487 qnod
150 1402 345 1486 expectabat
368 1406 550 1487 appeteret,
572 1402 775 1487 pervicacius
798 1403 968 1468 oblaturos
987 1424 1059 1467 esse

41 1490 202 1567 credebat.
225 1490 527 1576 Itaquecunctatus
547 1491 675 1577 diuque,
688 1491 766 1576 quid
780 1495 902 1577 ageret,
915 1491 1058 1556 incertus
1079 1497 1111 1547 19

40 1579 79 1645 ad
100 1579 255 1646 ultimum
282 1584 395 1646 tamen
416 1581 552 1647 recessit
575 1584 608 1646 et
630 1583 707 1664 post
730 1601 801 1665 eos,
828 1580 886 1665 qui
908 1581 1058 1646 sederant

37 1667 188 1753 proximi,
212 1669 371 1735 constitit
402 1668 449 1735 At
470 1668 645 1754 Meleager,
666 1691 750 1734 unus
774 1691 792 1734 e
816 1668 960 1749 ducibus,
984 1690 1058 1733 eon·
1076 1675 1112 1724 20

37 1757 169 1823 firmato
201 1757 325 1840 animo,
361 1779 458 1842 quem
494 1757 665 1823 Perdiccae
702 1758 866 1824 cunctatio
905 1761 1060 1841 erexerat,

37 1842 120 1914 ‘Nec
143 1845 177 1911 di
199 1845 334 1932 sierint,'
356 1846 474 1931 inquit,
497 1845 546 1912 ‘ut
565 1846 744 1912 Alexandri
761 1846 893 1912 fortuna
910 1847 1059 1931 tantique

37 1934 132 2022 regni
153 1933 325 2021 fastigium
347 1935 383 2000 in
409 1935 492 2002 istos
514 1936 668 2001 humeros
690 1939 776 2001 ruat:
799 1935 948 2001 homines
972 1939 1059 2000 certe

37 2042 105 2090 non
128 2023 244 2090 ferent.
287 2022 381 2089 Nihil
404 2023 475 2090 dico
500 2024 538 2089 de
560 2024 778 2090 nobilioribus
801 2046 899 2109 quam
922 2023 975 2089 hic
999 2027 1058 2108 est,

38 2112 97 2179 sad
124 2111 164 2176 de
190 2112 271 2178 ιιιιι
297 2114 371 2177 tant
356 2116 440 2197 tum,
467 2113 585 2197 quibus
612 2113 725 2179 invitis
746 2113 832 2178 nihil
852 2113 979 2198 perpeti
1003 2135 1060 2178 ne-

38 2221 129 2268 cesse
152 2204 213 2267 eat.
247 2200 318 2267 Neo
339 2222 416 2266 vero
439 2201 474 2267 in
475 2205 592 2286 ιιιιιι,
609 2201 760 2268 Roxanes
778 2202 882 2267 filium
888 2203 1059 2304 ,quando-
1078 2216 1112 2265 ιι

39 2311 101 2392 que
129 2290 261 2376 genitus
284 2289 360 2374 ιιιι,
387 2311 430 2355 an
452 2288 641 2356 Perdiccam
665 2312 777 2376 regem
799 2290 931 2357 habeat
906 2295 963 2372 t,1s
987 2313 1059 2356 cum

37 2377 100 2445 iste
119 2379 181 2445 sub
199 2379 321 2445 tutelae
339 2379 447 2462 specie
461 2399 602 2482 regnum
621 2383 837 2463 occupaturus
856 2359 909 2444 ιιι.
945 2342 1082 2481 itaque

37 2488 135 2533 nemo
159 2467 190 2532 ιι
211 2488 270 2532 ιιι
291 2468 412 2552 placet,
434 2467 501 2532 nisi
523 2468 580 2553 qui
601 2467 827 2533 nondumt
769 2471 827 2532 nat
828 2490 866 2533 us
890 2471 951 2551 ιιι,
974 2468 1061 2534 etin

38 2558 134 2623 tanta
151 2556 298 2622 omnium
317 2555 528 2622 festinatione
549 2576 617 2622 non
638 2556 727 2622 iusta
749 2555 861 2642 modo,
884 2556 1058 2622 sedetiam

38 2645 224 2711 necessaria
242 2648 373 2710 exactos
392 2665 519 2710 menses
538 2646 627 2710 solus
644 2648 794 2730 expectat
807 2649 840 2710 ιι
853 2645 921 2711 iam
934 2646 1060 2712 divinat

39 2755 166 2803 ιιιιιιιιι
188 2755 259 2800 esse
281 2737 482 2818 conceptum.
520 2733 623 2810 Quem
645 2756 704 2800 vos
727 2733 885 2799 dubitetis
907 2738 1059 2818 paratum
1077 2749 1112 2799 ιι

40 2843 111 2889 esse
137 2823 192 2889 vel
218 2822 378 2889 subdere?
420 2821 456 2888 Si
486 2822 734 2889 mediusfidius
760 2822 945 2888 Alexander
972 2824 1059 2889 hunc

39 2912 134 2979 nobis
158 2932 271 2998 regem
291 2933 352 2995 pro
376 2933 411 2977 se
429 2912 630 2997 reliquisset,
652 2912 687 2976 id
705 2912 812 2978 solum
835 2934 875 2978 ex
896 2912 953 2997 iis,
976 2934 1059 2997 quae

40 3000 248 3156 irdrpffisdid
270 3021 343 3155 21⁰3
369 2999 553 3154 faqlilendum
576 3023 650 3156 esdaiq³
671 3022 860 3155 eerrqqrqm.h
889 3001 976 3079 Quin
998 3002 1058 3103 igi·
1077 3016 1113 3065 ιι

267 3110 379 3156 renos
442 3111 577 3157 esauros
651 3110 739 3156 curn
767 3113 782 3156 s
861 3112 954 3156 arum
972 3112 1059 3156 emm

40 3199 140 3264 opum
166 3112 331 3265 regidrum
354 3179 465 3264 utique
487 3180 628 3264 populus
651 3183 701 3245 est
724 3177 840 3246 herea'
882 3179 973 3246 Haec
995 3180 1059 3245 elo·
1077 3194 1113 3244 ιι

40 3271 132 3335 cutus
155 3289 216 3352 per
237 3267 360 3334 medios
384 3272 528 3334 armatos
551 3269 659 3354 erupit
677 3273 724 3354 et,
745 3268 801 3354 qui
820 3269 953 3335 abeunti
971 3269 1059 3334 viam

40 3355 207 3437 dederant,
225 3356 332 3440 ipsum
347 3356 388 3422 ad
401 3357 646 3441 pronuntiatam
660 3358 816 3443 praedam
832 3358 1058 3442 sequebantur.
