2356 3846
209 172 464 230 1111111111
481 173 915 242 muneremunere.
1000 171 1065 237 219
1133 140 1136 146 ’

57 315 215 399 fluminis,
237 317 323 402 quod
344 317 576 383 transeundum
598 320 682 401 erat,
703 316 893 404 magnitudo
914 316 1067 382 terrebat.
1151 388 1154 394 ,

56 422 112 470 1111
138 404 173 470 in
199 404 404 471 latitudinem
435 404 540 471 stadia
567 405 700 471 diffusus
728 404 888 490 profundo
915 404 1007 470 alveo
1034 407 1067 469 et

56 492 1101 667 11111111111111111111111111

57 669 242 752 coercebat,
264 669 320 734 sed
343 670 435 754 quasi
452 671 487 736 in
505 674 613 736 artum
630 669 821 736 coeuntibus
841 668 921 752 ripis
940 671 1067 734 torrens

57 759 91 822 et
122 755 221 822 elisus
253 756 431 842 ferebatur,
462 759 652 842 occultaque
684 778 762 824 saxa
788 757 894 823 inesse
920 755 1068 821 ostende·

57 844 140 909 bant
170 844 318 928 pluribus
359 845 440 911 locis
471 845 576 912 undae
607 865 821 930 repercussae.
874 842 1066 909 Terribilior
1087 855 1119 904 10

56 931 156 997 facies
170 936 241 998 erat
252 933 353 1018 ripae,
370 954 468 1017 quam
487 935 561 1019 aqui
578 934 703 1019 virique
723 933 960 1017 conpleverant.
995 930 1066 997 su-

57 1020 139 1085 bant
173 1020 323 1106 ingentes
355 1025 521 1088 vastorum
552 1042 721 1107 corporum
753 1022 854 1087 moles
886 1023 919 1085 et
950 1018 989 1084 de
1020 1020 1066 1085 in·
1100 1068 1106 1075 .

57 1106 183 1173 dustria
213 1108 365 1174 inritatae
397 1109 556 1178 horrendo
589 1109 728 1176 stridore
755 1129 848 1175 aures
875 1107 1066 1191 fatigabant.

56 1193 145 1261 Hinc
172 1196 290 1280 amnis,
316 1196 394 1263 hinc
419 1196 526 1264 hostia
555 1198 687 1283 capacia
714 1197 844 1283 quidem
869 1196 974 1263 bonae
996 1196 1067 1279 spei
1086 1207 1118 1255 11

57 1286 193 1368 pectora
219 1288 253 1349 et
279 1306 377 1369 saepe
397 1289 440 1351 'se
463 1290 593 1370 experta
619 1286 784 1372 inproviso
811 1289 920 1351 tamen
947 1305 1066 1369 pavore

56 1391 208 1455 percusse
230 1377 313 1438 rant.
358 1371 483 1458 Quippe
509 1374 677 1440 instabiles
699 1378 788 1440 rates
815 1395 874 1440 nec
901 1372 1000 1458 dirigi
1026 1371 1067 1437 ad

56 1459 165 1613 tut
189 1461 655 1616 difficilitate
675 1460 1068 1616 1111111111
1088 1471 1120 1581 ¹²

56 1635 158 1701 dones
184 1638 300 1702 nantes
327 1637 443 1704 levatis
475 1659 572 1723 super
589 1573 711 1722 ’capiis
743 1638 842 1704 armis
873 1638 1067 1703 transibant.

55 1722 112 1789 Ibi
134 1723 220 1790 levia
241 1725 366 1808 proelia
386 1728 636 1792 conserebantur
657 1731 691 1791 et
712 1729 848 1810 uterque
870 1747 926 1790 rex
948 1721 1068 1808 parvae

55 1812 106 1878 rei
125 1811 310 1878 discrimine
328 1834 473 1879 summae
487 1814 711 1898 experiebatur
726 1817 884 1879 eventum.
916 1810 1068 1878 Ceterum
1088 1823 1121 1873 11

10 1981 12 1985 ¹
55 1900 92 1965 in
118 1898 332 1967 Macedonum
361 1902 503 1967 exercitu
530 1902 712 1968 temeritate
740 1905 836 1986 atque
864 1901 999 1967 audacia
1022 1900 1069 1964 in·

10 1990 12 1996 “
56 1989 169 2073 signes
196 1987 285 2054 fuere
313 1986 525 2073 Symmachus
552 1993 585 2055 et
606 1989 764 2074 Nicanor,
788 1991 914 2055 nobiles
936 1990 1068 2054 iuvenes

56 2079 92 2141 et
123 2080 281 2159 perpetua
311 2077 454 2160 partium
480 2078 637 2144 felicitate
664 2078 706 2143 ad
733 2077 947 2162 spernendum
974 2097 1068 2143 omne

55 2164 237 2249 periculum
253 2166 389 2230 accensi.
425 2165 504 2243 Quis
521 2165 655 2232 ducibus
668 2166 905 2251 promptissimi
917 2166 1069 2231 iuvenum
1090 2176 1123 2227 14

57 2251 180 2319 lanceis
211 2252 307 2319 modo
339 2250 456 2318 aimati
488 2257 697 2321 transnavere
724 2256 759 2320 in
785 2255 940 2338 insulem,
971 2274 1068 2338 quum

56 2339 210 2424 frequens
233 2340 337 2406 hostis
360 2342 506 2425 tenebat,
528 2343 711 2428 multosque
734 2341 898 2426 Indorum,
920 2343 1011 2407 nulla
1034 2362 1069 2405 re

56 2427 176 2494 melius
212 2450 309 2513 quam
343 2429 478 2496 audacia
509 2432 639 2515 armati,
674 2431 915 2497 interemerunt.
968 2429 1068 2494 Abire
1090 2440 1121 2490 15

57 2537 133 2583 cum
160 2516 265 2600 gloria
292 2520 457 2600 poterant,
488 2519 517 2584 si
544 2539 698 2604 umquam
725 2518 891 2584 temeritas
918 2516 996 2583 felix
1021 2518 1067 2581 in·

57 2604 188 2671 reniret
214 2604 358 2671 modum:
390 2604 446 2673 sed
473 2605 550 2671 dum
573 2606 834 2690 supervenientes
857 2604 1068 2688 contemptim
1149 2675 1152 2680 ,

57 2701 93 2759 11
116 2693 253 2777 superbe
276 2714 402 2778 quoque
425 2697 608 2778 expectant,
635 2694 844 2760 circumventi
866 2693 908 2757 ab
931 2694 986 2777 iis,
1013 2693 1069 2776 qui

57 2780 178 2847 occulti
200 2785 386 2866 enaverant,
408 2784 533 2847 eminus
557 2782 666 2848 obruti
688 2782 764 2848 telis
787 2784 870 2848 sunt
912 2781 974 2858 Qui
992 2781 1068 2846 effu·
1089 2793 1122 2844 11

59 2873 182 2956 gerant,
198 2868 341 2953 hostem,
364 2875 421 2935 aut
442 2872 567 2954 impetu
590 2871 694 2935 amnis
713 2870 816 2936 ablati
834 2872 910 2934 sunt
928 2874 985 2935 aut
1001 2891 1068 2934 ver·

10 2957 181 3028 11111111
203 2957 352 3041 inpliciti.
396 2957 509 3043 anue
531 2980 641 3044 pugna
662 2959 800 3024 multum
821 2957 898 3024 Pori
919 2956 1069 3023 fiduciam

60 3046 163 3112 erexit
190 3049 305 3110 cuncta
329 3047 490 3111 cernentis
513 3069 531 3112 e
553 3047 633 3132 ripa.
673 3045 857 3112 Alexander
878 3047 972 3131 inops
995 3059 1122 3112 con-1⁷

59 3133 128 3201 silii
156 3133 287 3200 tandem
317 3133 359 3198 ad
385 3133 563 3200 fallendum
593 3134 737 3200 hostem,
751 3134 853 3200 talem
880 3133 991 3215 dolum
1022 3136 1068 3199 in·

58 3221 175 3290 tendit.
218 3220 300 3288 Erat
331 3222 438 3288 insula
469 3223 504 3287 in
531 3223 661 3288 flumine
688 3223 825 3306 amplior
851 3223 981 3308 ceteris,
1013 3224 1070 3289 sil·

58 3311 177 3377 vestris
208 3309 320 3376 eadem
347 3314 380 3375 et
401 3310 550 3397 tegendis
578 3310 705 3377 insidiis
733 3314 819 3395 apta.
866 3309 969 3377 Fossa
991 3332 1069 3395 quo·

58 3419 121 3485 que
153 3399 298 3500 praealta
329 3398 417 3464 haud
447 3399 561 3500 procul
589 3399 675 3484 ripa,
707 3420 804 3502 quam
830 3399 963 3500 tenebat
989 3400 1070 3482 ipse,

57 3486 1162 3662 11111111111111111111111111
