2356 3846
227 187 480 245 msronnaun
498 175 713 244 mensuum
730 187 805 256 vm,
823 194 848 243 r.
867 194 892 246 e.
1000 187 1067 253 205

53 334 106 400 De
124 336 232 400 cetero
255 353 364 417 parce:
389 353 525 417 quorum
548 332 643 399 orbas
667 335 877 416 senectutem,
899 331 1066 415 suppliciis

54 444 97 488 ne
120 421 311 489 oneraveris.
356 419 426 486 Nos
445 420 520 485 iube
538 419 624 503 duci,
646 423 696 504 ut,
719 421 803 505 quod
826 442 865 486 ex
887 423 945 485 tua
963 423 1067 487 morte

54 510 262 596 petieramus,
280 525 514 593 consequamur
533 529 572 574 ex
590 507 723 573 nostra?
760 507 849 575 Haeo
863 507 1068 576 Hermolaus.

465 665 546 733 One.
569 665 659 733 VIII.

10 776 44 842 36
147 772 193 839 At
223 794 293 839 rex:
338 771 460 849 ‘Quam
492 773 576 838 falsa
607 770 699 855 sint',
729 773 849 858 inquit,
880 772 975 858 ‘quae
1007 773 1104 839 ister

55 861 178 929 tradita
200 883 221 927 a
243 861 402 946 magistro
431 883 488 926 suo
512 862 607 946 dixIt,
637 860 796 945 patientia
822 882 896 928 mea
918 862 1069 927 ostendit.

57 949 252 1023 Confessum
279 949 365 1014 enim
392 950 543 1014 ultimum
575 950 701 1015 facinus
730 952 840 1014 tamen
866 971 932 1015 non
964 950 1105 1015 soluma

57 1041 130 1124 ipse
160 1038 283 1121 audivi,
316 1038 370 1104 scd
398 1041 434 1102 ut
462 1058 513 1103 vos
545 1038 699 1104 audiretis
732 1039 890 1122 expressi,
926 1058 992 1126 non
1024 1039 1070 1102 in-

57 1125 214 1213 prudens,
236 1147 310 1192 cum
328 1125 547 1209 permisissem
565 1125 686 1192 latroni
703 1124 778 1191 huic
796 1126 915 1209 dicere,
936 1148 1071 1191 usurum

59 1237 100 1280 ea
128 1214 232 1300 rabie,
262 1235 325 1298 qua
354 1213 527 1298 conpulsus
556 1218 620 1298 est,
646 1218 683 1279 ut
710 1235 775 1297 me,
806 1235 902 1299 quem
928 1215 1071 1298 parentis

60 1304 133 1368 loco
157 1303 261 1369 colere
283 1302 428 1385 deberet,
451 1302 551 1368 vellet
573 1302 726 1368 occidere.
769 1301 882 1386 Nuper
904 1323 977 1368 cum
1000 1325 1072 1387 pro·
1092 1318 1108 1366 e

58 1392 167 1458 cacius
196 1413 230 1456 se
257 1390 292 1454 in
318 1389 490 1455 venatione
518 1390 686 1475 gessisset,
716 1411 806 1456 more
833 1391 941 1474 patrio
970 1395 1003 1456 et
1031 1391 1072 1456 ab

61 1478 299 1564 antiquissimis
331 1477 538 1543 Macedoniae
574 1498 687 1563 regum
724 1482 880 1562 usurpato
918 1480 1074 1564 castigari

60 1589 137 1634 eum
159 1566 248 1633 iussi.
288 1564 360 1631 Hoc
383 1570 416 1630 et
438 1569 567 1649 oportet
589 1567 660 1631 fieri
683 1570 716 1631 et
737 1566 847 1631 ferunt
869 1589 889 1632 a
911 1569 1073 1633 tutoribus

58 1655 197 1741 pupilli,
216 1677 235 1718 a
258 1653 386 1719 maritis
409 1674 538 1736 uxores,
561 1655 661 1719 servis
685 1675 812 1739 quoque
836 1676 953 1739 pueros
975 1655 1072 1720 huius

59 1743 179 1810 aetatis
211 1743 380 1808 verberare
412 1742 624 1808 concedimus.
667 1742 758 1808 Haec
790 1745 841 1808 est
871 1742 1008 1808 saevitia
1039 1743 1110 1807 ine

59 1834 169 1916 ipsum
192 1852 277 1914 mea,
301 1851 399 1915 quam
416 1829 506 1913 inpia
529 1830 624 1895 caede
645 1831 751 1895 voluit
773 1830 894 1896 ulcisci.
930 1830 1017 1896 Nam
1039 1830 1075 1895 in

60 1924 199 2003 ceteros,
226 1919 284 2003 qui
310 1918 391 1983 mihi
417 1917 611 2002 permittunt
637 1918 687 1983 uti
710 1919 839 2002 ingenio
863 1940 949 2002 meo,
977 1940 1075 2002 quam

42 2009 153 2075 'mitIs
180 2008 257 2091 sim,
282 2041 319 2054 -
345 2027 409 2072 non
437 2006 662 2091 ignoratis-
687 2027 938 2072 commemorare
967 2027 1074 2090 super·

58 2118 199 2163 uacuum
233 2097 292 2163 est.
344 2093 520 2160 Hermolao
552 2094 787 2178 parricidarum
820 2095 979 2180 supplicia
1009 2110 1111 2160 nono

60 2185 209 2270 probari,
237 2204 310 2249 cum
342 2183 453 2247 eadem
485 2182 555 2266 ipse
586 2182 753 2266 meruerit,
784 2182 916 2248 minime
945 2183 1074 2249 hercule

60 2273 215 2344 admiror.
251 2271 338 2336 Nam
356 2292 429 2335 oum
447 2268 694 2336 Parmenionem
715 2274 748 2335 et
765 2269 931 2336 Philotam
954 2271 1076 2353 laudat,

60 2382 142 2428 suae
164 2359 266 2426 servit
288 2380 414 2425 causae.
459 2356 652 2442 Lyncestem
679 2380 755 2423 vero
779 2356 998 2424 Alexandrum
1023 2358 1111 2426 bisc

61 2447 251 2514 insidiatum
279 2446 380 2531 capiti
402 2467 473 2511 meo
502 2447 650 2529 liberavi,
677 2468 788 2511 rursus
817 2448 851 2528 [a
877 2447 1016 2529 duobus
1030 2447 1076 2510 in·

60 2537 202 2619 dicibus]
222 2536 405 2602 conuictum
429 2555 487 2618 per
505 2533 681 2599 triennium
697 2537 808 2599 tamen
826 2533 951 2617 distuli,
973 2535 1075 2599 donec

61 2645 122 2691 vos
154 2623 380 2709 pbstularetis,
411 2627 448 2688 ut
479 2620 609 2687 tandem
642 2620 750 2687 debito
782 2622 942 2706 supplicio
971 2622 1076 2688 scelus

61 2713 177 2780 lueret.
223 2712 385 2798 Attalum,
416 2713 589 2795 antequam
615 2731 672 2774 rex
700 2731 818 2794 essem,
847 2709 976 2776 hostem
1003 2730 1112 2781 meon

63 2801 164 2886 capiti
184 2800 284 2866 fuisse
307 2799 509 2865 meministis.
554 2795 656 2863 (ilibus
680 2798 806 2864 utinam
828 2819 894 2864 non
917 2798 1078 2882 coegisset

63 2911 117 2956 mc
144 2889 208 2962 sibi
234 2888 345 2953 irasci!
373 2886 462 2953 ouius
485 2887 692 2951 temerariam
718 2887 866 2973 linguam
888 2886 1007 2970 probra
1030 2887 1077 2951 di-

63 2977 169 3044 centis
187 2976 266 3041 mihi
285 2980 319 3040 et
337 2975 430 3040 vobis
454 2972 575 3039 diutius
599 2974 674 3058 tuli,
696 2996 794 3059 quam
816 2975 871 3039 ille
891 2974 1004 3040 eadem
1025 2996 1076 3041 me

63 3066 227 3132 dicentem
249 3064 388 3130 tulisset.
423 3061 550 3148 Regum
570 3063 748 3147 ducumque
766 3063 938 3128 clementia
955 3084 1022 3128 non
1044 3065 1113 3135 ins

62 3155 212 3240 ipsorum
235 3152 345 3235 modo,
368 3151 423 3218 sed
447 3152 545 3215 etiam
568 3150 602 3216 in
625 3151 771 3236 illorum,
797 3152 854 3236 qui
876 3154 1003 3235 parcnt,
1031 3151 1078 3216 in-

64 3241 172 3329 geniis
204 3240 269 3306 sita
301 3243 360 3306 est.
414 3237 576 3323 Obsequio
609 3239 804 3323 mitigantur
835 3240 988 3324 imperia:
1022 3240 1078 3304 ubi

63 3350 141 3398 vero
169 3328 350 3395 reuerentia
378 3329 515 3393 excessit
542 3327 657 3392 animis
688 3330 721 3392 et
749 3350 875 3394 summa
902 3329 976 3393 imis
1004 3349 1078 3394 con·

10 3420 52 3485 27
63 3418 158 3487 fundi
180 3417 340 3500 uidemus,
366 3417 400 3481 vi
423 3436 503 3498 opus
527 3420 591 3498 est,
617 3418 654 3480 ut
676 3414 743 3481 vim
765 3417 969 3500 repellamus.
1015 3413 1078 3480 Sed
1097 3439 1113 3487 o

65 3507 145 3595 qnid
164 3526 225 3594 ego
248 3505 347 3571 mirer
366 3504 466 3569 istum
484 3503 715 3570 crudelitatem
729 3504 821 3569 mum
835 3504 1023 3574 obiecisse,
1039 3501 1106 3570 anx

62 3594 233 3667 avaritiam
249 3593 448 3680 exprobrare
465 3616 569 3663 ausus
587 3594 655 3662 sitl
682 3593 785 3661 nolo
800 3580 1139 3669 §ingessissem
