2356 3846
117 159 138 222 2
491 159 521 225 Q.
542 159 651 214 CURTI
669 158 756 214 RUFI

115 308 225 368 menta
243 304 365 368 metiri:
389 324 422 368 se
442 303 523 368 scire
540 303 805 388 inexpugnabiles
824 324 902 386 esse,
925 302 966 367 ad
979 303 1129 368 ultimum

82 413 176 476 apro
198 393 260 456 fide
283 391 464 456 morituros.
499 390 647 457 Ceterum
670 395 708 455 ut
730 391 946 456 circumsideri
968 413 1075 456 arcem
1097 396 1134 456 et

118 481 226 545 omnia
250 480 311 544 sibi
333 480 368 544 in
391 480 458 544 dies
482 481 602 544 artiora
618 500 687 544 esse
702 480 858 564 viderunt,
884 480 1052 564 sexaginta
1065 479 1131 544 die·

116 590 188 633 rum
211 569 355 632 indusias
377 568 473 651 pacti,
494 572 539 651 ut,
561 569 626 632 nisi
647 568 734 632 intra
756 589 811 632 eos
832 568 986 632 auxilium
1004 566 1131 632 Dareus

116 658 196 740 ipsis
229 656 381 739 misisset,
413 657 565 720 dederent
586 657 714 739 urbem,
745 659 917 739 postquam
945 656 1028 719 nihil
1055 655 1131 720 inde

116 745 268 829 praesidii
294 745 495 828 mittebatur,
528 744 568 808 ad
598 745 823 829 praestitutam
851 744 935 808 diem
956 744 1132 827 permisere

116 855 150 898 sc
173 855 206 897 re
244 883 250 897 .

82 943 98 991 c
208 853 443 1004 {irpervcniunt
465 921 577 984 deinde
595 919 696 1004 legati
708 919 956 984 Atheniensium
974 923 1132 1004 petentes,

117 1012 154 1073 ut
176 1011 262 1092 capti
284 1009 370 1092 apud
384 1007 558 1073 Granicum
582 1029 708 1072 amnem
730 1008 938 1073 redderentur
961 1008 1031 1072 sibi.
1070 1009 1131 1072 Ille

117 1119 184 1161 non
206 1098 266 1161 hos
289 1097 395 1180 modo,
417 1097 473 1161 sed
496 1096 594 1161 etiam
616 1100 738 1161 ceteros
753 1094 892 1161 Graecos
914 1096 1042 1160 restitui
1062 1097 1132 1162 suis

66 1205 98 1254 10
117 1186 280 1249 iussurum
302 1185 470 1268 respondit
485 1184 576 1248 finito
590 1183 719 1248 Persico
734 1184 828 1248 bello.
859 1181 1009 1249 Getarum
1022 1183 1131 1250 Dareo

120 1274 302 1356 imminens,
327 1294 421 1356 quem
443 1271 588 1336 nondum
609 1271 800 1355 Euphraten
822 1293 988 1355 superasse
1011 1293 1132 1356 cogno-

117 1365 216 1445 verat,
229 1361 369 1450 undiquc
385 1381 495 1424 omnes
510 1359 619 1444 copias
634 1359 803 1444 contrahit,
815 1361 894 1424 totis
909 1360 1031 1424 viribus
1045 1361 1131 1425 tanti

117 1449 194 1513 belli
217 1449 388 1512 discrimen
410 1449 564 1512 aditurus.

66 1556 98 1604 11
205 1535 350 1620 Phrygia
372 1539 449 1620 erat,
472 1556 530 1619 per
552 1557 649 1620 quam
672 1535 847 1600 ducebatur
868 1536 1038 1619 exercitus,
1060 1536 1168 1619 plu-2

67 1645 98 1693 12
117 1625 207 1688 ribus
243 1625 322 1688 vicis
355 1646 452 1708 quam
483 1623 617 1688 urbibus
653 1623 811 1707 frequens.
866 1624 956 1688 Tunc
988 1623 1132 1688 habebat

117 1713 259 1777 nobilem
284 1712 445 1796 quondam
468 1711 575 1776 Midae
597 1711 729 1796 regiam.
763 1709 916 1775 Gordium
938 1733 1058 1776 nomen
1082 1716 1132 1776 est

118 1801 198 1884 urbi,
222 1822 319 1884 quam
334 1799 509 1885 Sangarius
530 1800 632 1863 amnis
648 1799 854 1883 praeterfluit,
877 1800 948 1883 pari
961 1799 1130 1865 intervallo

67 1908 98 1956 13
117 1887 253 1952 Pontico
282 1891 315 1952 et
337 1886 450 1952 Cilicio
477 1888 559 1951 mari
586 1888 768 1951 distantem.
812 1887 900 1952 Inter
926 1887 1006 1951 haec
1028 1889 1132 1952 maria

118 1976 384 2060 angustissimum
397 1975 494 2038 Asiae
513 1975 654 2058 spatium
672 1996 741 2038 esse
760 1975 976 2059 conperimus,
993 1979 1131 2059 utroque

117 2065 152 2128 ln
181 2067 268 2128 artas
291 2063 400 2128 fauces
423 2063 623 2145 conpellente
645 2065 774 2127 terram.
820 2063 908 2139 Quae
932 2065 1007 2147 quia
1030 2064 1130 2129 conti·

118 2152 207 2215 nenti
230 2151 397 2234 adhaeret,
419 2150 475 2214 sed
498 2170 618 2234 magna
635 2171 675 2213 ex
696 2154 787 2233 parte
810 2152 950 2235 cingitur
971 2151 1131 2236 fluetibus,

119 2239 256 2323 speciem
278 2239 402 2303 insulae
424 2238 558 2321 praebet
580 2260 626 2321 ac,
648 2238 712 2302 nisi
729 2242 825 2302 tenue
842 2239 1013 2304 discrimen
1027 2240 1130 2304 obice·

67 2347 100 2395 14
117 2331 180 2410 ret,
203 2348 284 2411 quae
306 2332 393 2390 nunc
415 2325 529 2390 dividit
550 2326 660 2409 maria,
682 2327 904 2392 committeret.
948 2327 1132 2392 Alexander

117 2415 197 2479 urbe
224 2416 260 2478 in
287 2414 445 2479 dicionem
469 2435 560 2478 suam
582 2414 711 2478 redacta
732 2413 818 2479 Iovis
842 2416 998 2500 templum
1020 2416 1131 2482 intrat.

119 2501 324 2585 Vehiculum,
353 2523 416 2585 quo
440 2499 609 2584 Gordium,
635 2500 742 2565 Midae
764 2506 889 2585 patrem
911 2507 1037 2568 vectum
1061 2524 1131 2569 esse

119 2591 297 2670 constabat,
320 2589 452 2672 aspexit,
476 2589 562 2653 cultu
584 2589 671 2653 haud
693 2612 771 2654 sane
795 2613 814 2654 a
835 2591 1002 2657 vilioribus
1020 2593 1131 2676 vulga-

68 2680 223 2763 ratisque
246 2700 307 2742 usu
330 2677 515 2743 abhorrens.
545 2675 698 2748 Notabile
721 2681 790 2743 erat
811 2679 924 2764 iugum
942 2681 1131 2745 adstrictum

118 2766 326 2848 conpluribus
348 2765 442 2830 nodis
458 2766 492 2830 in
511 2766 700 2849 semetipsos
718 2767 882 2849 inplicatis
901 2771 934 2831 et
952 2769 1131 2834 celantibus

68 2875 100 2923 rc
119 2875 229 2931 nexus.
246 2852 364 2917 Incolis
384 2853 496 2918 deinde
513 2855 765 2937 adfirmantibus,
784 2855 902 2919 editam
917 2876 986 2921 esse
1000 2858 1131 2922 oraculo

120 2945 252 3024 sortem,
284 2941 382 3006 Asiae
411 2941 604 3025 potiturum,
635 2942 691 3026 qui
720 2941 942 3025 inexplicabile
968 2944 1131 3012 vinculum

120 3029 281 3112 solvisset,
311 3030 426 3112 cupido
449 3030 582 3094 incessit
605 3030 712 3094 animo
736 3031 833 3094 sortis
857 3031 923 3095 eius
947 3033 1132 3115 explendae.

68 3136 99 3186 1⁸1
119 3115 212 3183 Girca
241 3137 350 3201 regem
377 3120 446 3181 erat
472 3121 506 3182 et
531 3116 696 3202 Phrygum
725 3118 822 3182 turba
851 3123 884 3183 et
909 3118 1132 3206 Macedonum,

118 3206 175 3270 illa
198 3206 417 3289 expectatione
440 3227 608 3289 suspensa,
636 3205 716 3270 haec
739 3207 876 3271 sollicita
898 3228 938 3272 ex
959 3211 1132 3274 temeraria

117 3294 203 3379 regis
226 3295 356 3358 fiducia:
380 3294 498 3377 quippe
517 3294 598 3358 serie
616 3293 816 3358 vinculorum
833 3294 881 3359 ita
900 3295 1063 3381 adstricta,
1085 3302 1132 3381 ut,

118 3382 203 3446 unde
232 3404 334 3446 nexus
360 3381 516 3465 inciperet
542 3403 644 3466 quove
672 3403 706 3446 se
729 3380 890 3466 conderet,
922 3405 981 3449 nec
1004 3387 1130 3451 ratione

102 3487 169 3527 nee
200 3470 270 3532 nau
291 3469 437 3553 perspici
463 3473 592 3555 posset,
625 3470 746 3535 solvere
777 3471 947 3556 adgressus
976 3473 1155 3539 iniecerat

26 3558 66 3602 re
84 3566 203 3612 euram
224 3555 264 3636 er,
282 3577 330 3621 ne
349 3559 384 3622 in
407 3581 508 3626 omen
528 3562 709 3626 verteretur
726 3558 857 3625 bulum
869 3559 1044 3643 inceptum.
1069 3561 1132 3625 Ille
