2356 3846
105 139 148 204 70
475 141 506 205 Q.
526 138 636 195 CURTI
652 139 740 194 RUFI

101 285 224 369 ipsum,
237 283 341 387 ‘quod
362 284 466 368 ignoti
489 287 608 366 essent,
634 283 793 368 ignobiles
816 305 902 348 esse:
933 306 1111 369 numquam

15 377 17 380 ’
102 373 246 457 ignorari
267 373 353 436 viros
376 373 526 474 fortean
507 334 692 436 atinbelles
711 394 750 436 ex
767 372 898 436 latebris
916 373 983 437 suis
1002 376 1110 439 erutos
1167 437 1170 444 .

103 461 186 525 nihil
212 463 340 544 praeter
365 461 498 525 nomina
525 461 657 526 adferre.
701 457 909 524 Macedonas
916 460 1034 525 virtute
1056 463 1111 526 ad-

104 551 243 632 secutos,
264 570 305 613 ne
329 549 401 633 quis
424 552 493 613 toto
517 549 593 612 orbe
616 550 706 613 locus
728 551 813 612 esset
813 548 899 631 ,qui
921 549 1001 613 tales
1024 549 1111 615 viros

68 658 85 708 5
103 638 268 721 ignoraret
270 687 276 700 .
254 635 513 701 tIntuerentur
535 637 745 701 barbarorum
761 636 907 700 incondit
893 639 962 700 tum
980 657 1111 721 agmen:

104 726 202 788 alium
223 725 306 789 nihil
327 728 455 808 praeter
476 725 616 789 iaculum
638 724 769 806 habere,
791 724 889 788 alium
911 724 1012 788 funda
1034 747 1113 791 saxa

82 813 233 898 librare,
263 813 374 896 paucis
401 813 486 877 iusta
513 835 603 877 arma
631 834 709 878 esse.
752 810 866 896 Itaque
892 811 981 877 illinc
1003 814 1111 896 plures

69 923 85 972 6
104 904 202 965 stare:
234 901 309 966 hinc
333 901 442 985 plures
465 901 678 965 dimicaturos.
722 898 791 965 Nec
812 900 975 983 postulare
998 923 1046 984 se,
1075 905 1113 966 ut

102 988 230 1054 fortiter
259 992 462 1072 capesserent
486 989 657 1072 proelium,
688 988 724 1052 ni
750 989 818 1072 ipse
845 988 957 1052 ceteris
985 989 1113 1054 fortitu-

104 1077 188 1141 dinis
214 1076 331 1142 fuisset
357 1077 548 1161 exemplum:
582 1098 615 1141 se
643 1080 718 1140 ante
739 1076 844 1159 prima
866 1076 960 1161 signa
982 1076 1114 1142 dimica-

102 1168 219 1230 turum.
264 1163 426 1248 Spondere
453 1186 511 1248 pro
540 1186 573 1228 se
599 1167 649 1229 tot
675 1165 850 1248 cicatrices,
878 1163 1014 1229 totidem
1043 1187 1114 1230 cor·

102 1253 190 1337 poris
213 1252 339 1318 deeora:
364 1253 444 1316 scire
465 1253 554 1336 ipsos
576 1275 677 1317 unum
698 1274 800 1335 paene
820 1274 853 1317 se
871 1253 1007 1338 praedae
1026 1274 1114 1318 com·

103 1341 210 1404 munis
233 1343 391 1405 exsortem
413 1341 448 1404 in
470 1341 534 1404 illis
557 1340 697 1405 colendis
720 1339 933 1423 ornandisque
956 1363 1114 1424 usurpare

69 1427 254 1498 evictoriae
281 1428 431 1511 praemia.
475 1428 565 1492 Haec
591 1450 625 1493 se
650 1428 789 1493 fortibus
817 1428 894 1492 viris
920 1428 1031 1492 dicere.
1077 1428 1115 1494 si

108 1516 162 1598 qui
185 1515 354 1580 dissimiles
377 1537 487 1580 eorum
510 1520 626 1600 essent,
647 1517 705 1580 illa
726 1517 826 1579 fuisse
846 1516 1018 1581 dicturum:
1041 1538 1114 1599 per-

103 1604 228 1667 venisse
256 1625 306 1687 eo,
338 1603 422 1668 unde
448 1604 560 1688 fugere
586 1625 653 1668 non
679 1607 820 1687 possent.
865 1603 928 1669 Tot
952 1607 1114 1669 terrarum

103 1691 209 1775 spatia
231 1693 376 1775 emensis,
398 1694 449 1756 tot
471 1693 618 1757 amnibus
641 1691 868 1775 montibusque
890 1695 966 1775 post
982 1695 1114 1776 tergum

32 1807 33 1810 ¹
103 1779 236 1844 obiectis
262 1780 324 1844 iter
350 1781 385 1844 in
409 1781 547 1863 patriam
571 1783 603 1844 et
625 1783 757 1862 penates
780 1802 878 1843 manu
900 1801 969 1843 esse
992 1780 1113 1845 facien-

67 1889 84 1938 8
104 1866 199 1932 dum?
237 1864 289 1930 Sic
312 1867 421 1950 duces,
445 1869 491 1931 sic
513 1867 651 1951 proximi
673 1867 812 1931 militum
835 1867 980 1931 instincti
1004 1871 1089 1934 sunt.

73 1952 79 1959 ’
190 1954 315 2019 Dareus
342 1955 377 2018 in
403 1955 494 2019 laevo
522 1976 621 2020 cornu
648 1958 729 2038 erat,
760 1975 879 2038 magno
902 1977 1033 2020 suorum
1057 1978 1112 2042 ag-
1122 1956 1165 2021 53

103 2043 204 2125 mine,
236 2042 367 2107 delectis
394 2043 536 2126 equitum
563 2042 768 2126 peditumque
791 2044 942 2127 stipatus,
969 2047 1111 2109 contem·

102 2133 273 2214 pseratque
291 2130 484 2214 paucitatem
502 2131 614 2213 hostis,
631 2152 749 2195 vanam
767 2131 867 2195 aciem
884 2152 954 2194 esse
972 2134 1111 2197 extentis

67 2239 83 2288 o
103 2218 253 2282 cornibus
276 2221 374 2282 ratus.
411 2216 568 2300 Ceterum,
591 2218 674 2297 sicut
693 2239 787 2283 curru
805 2218 975 2301 eminebat,
999 2220 1111 2286 dextra

102 2307 255 2389 laevaque
287 2305 328 2369 ad
359 2306 599 2370 circumstantia
630 2307 763 2391 agmina
794 2307 903 2370 oculos
932 2329 1110 2391 manusque

103 2394 341 2477 circumferens,
365 2393 572 2477 ‘Terrarum',
603 2393 722 2478 inquit,
749 2393 845 2477 ‘quas
868 2393 1012 2460 Oceanus
1035 2395 1111 2460 hinc

103 2482 216 2564 adluit,
245 2482 334 2546 illinc
357 2481 477 2545 claudit
498 2480 742 2565 Hellespontus,
771 2483 868 2565 paulo
888 2486 962 2546 ante
980 2483 1110 2568 domini,

102 2571 167 2634 iam
189 2569 318 2634 non-de
341 2569 452 2653 gloria,
475 2570 531 2633 sed
553 2569 592 2633 de
615 2570 718 2633 salute
739 2573 779 2652 et,
803 2570 889 2653 quod
907 2571 1003 2635 saluti
1022 2594 1110 2654 prae

52 2679 84 2729 10
103 2659 236 2742 ponitiS,
259 2658 406 2722 libertate
428 2657 638 2742 pugnandum
661 2660 718 2722 est.
757 2656 820 2722 Hic
842 2658 909 2723 dies
931 2659 1110 2742 imperium,

103 2767 166 2828 quo
199 2746 324 2810 nullum
351 2744 488 2828 amplius
521 2746 602 2810 vidit
635 2748 736 2830 aetas,
768 2750 824 2809 aut
853 2747 1029 2811 constituet
1055 2751 1111 2812 aut

102 2833 200 2897 finiet.
253 2833 349 2917 Apud
385 2832 561 2898 Granicum
592 2832 726 2897 minima
760 2834 876 2898 uirium
913 2837 1005 2918 parte
1036 2857 1110 2900 cum

101 2919 194 2983 hoste
222 2922 427 2986 certavimus:
457 2922 492 2984 in
519 2919 631 2985 Cilicia
656 2921 758 2985 victos
786 2918 878 3003 Syria
904 2925 1031 3004 poterat
1058 2944 1109 2987 ex·

102 3008 225 3089 cipere:
261 3029 380 3092 magna
416 3009 617 3072 munimenta
651 3008 744 3092 regni
775 3007 881 3092 Tigris
919 3014 1013 3094 atque
1044 3009 1109 3074 Eu·

51 3116 83 3165 ιι
101 3095 234 3178 phrates
257 3099 357 3160 erant.
401 3095 543 3160 Ventum
557 3099 616 3173 ,est
636 3116 688 3178 eo,
719 3096 804 3159 unde
825 3097 928 3180 pulsis
950 3120 991 3162 ne
1014 3098 1110 3183 fugae

102 3182 230 3266 quidem
256 3183 345 3247 locus
371 3187 428 3248 est.
472 3183 590 3249 Omnia
611 3187 679 3247 tam
701 3182 824 3248 diutino
846 3184 931 3251 bello
955 3186 1110 3251 exhausta

102 3273 178 3354 post
203 3274 331 3354 tergum
359 3275 449 3334 sunt:
480 3293 548 3337 non
570 3271 692 3336 incolas
716 3292 791 3336 suos
814 3272 923 3355 urbes,
954 3296 1022 3339 non
1044 3275 1109 3339 cul·

102 3364 188 3424 tores
220 3357 344 3443 habent
372 3361 502 3423 terrae.
535 3357 696 3443 Coniuges
724 3379 849 3443 quoque
881 3364 914 3424 et
942 3362 1035 3426 liberi
1062 3384 1109 3427 se·

100 3449 244 3528 quantur
265 3447 349 3511 hanc
373 3446 472 3510 aciem
477 3450 620 3531 ,parata
641 3446 789 3513 hostibus
811 3448 941 3531 praeda,
964 3450 1028 3513 nisi
1050 3471 1108 3533 pro

22 3545 64 3590 ιι
81 3532 267 3598 carr'ssinn's
282 3533 484 3621 pignoribus
508 3555 646 3623 corpora
667 3535 869 3618 opponimus
909 3535 1001 3612 Quod
1023 3559 1109 3604 mea·
