2356 3846
405 223 509 297 “,-
560 229 688 292 11-

64 388 205 454 lissimis
238 389 375 474 gemmis
409 389 690 473 sumptuosissime
723 391 917 475 composita,
950 413 1087 475 quorum

65 479 214 543 valorem
237 478 291 543 vix
314 500 378 544 una
401 499 521 564 magna
547 479 655 562 patria
678 500 887 562 compensare
917 480 1088 564 potuisset,

67 567 110 631 ad
127 567 222 631 illum
241 566 347 652 finem,
365 571 411 651 ut,
430 569 458 632 si
476 567 664 652 inopinatus
684 567 864 632 horrendae
884 568 1086 633 infelicitatis

67 659 218 738 eventus,
246 657 333 740 quod
360 656 460 740 absit,
489 657 649 740 eveniret,
676 661 733 722 aut
757 679 791 721 se
814 658 977 742 ingereret
1000 657 1087 722 votis

41 744 138 812 seius
162 745 215 809 vel
239 746 269 810 si
295 744 435 810 fortasse
458 749 654 811 mercatores
681 747 748 830 ipsi
771 746 915 830 aliquam
938 747 1087 812 fraudem

67 834 118 898 vel
146 832 371 917 deceptionem
399 835 628 918 inpermissam
660 835 893 900 confinxissent
922 840 979 900 aut
1009 857 1088 920 quo·

67 928 194 1006 cunque
212 923 308 988 modo
329 944 422 988 casus
441 923 646 989 necessitatis
663 925 714 988 vel
732 925 870 1008 periculi
890 926 1088 1008 accederent,

67 1011 141 1096 ipsa
160 1010 199 1076 de
218 1011 379 1077 dictorum
399 1013 606 1079 enceniorum
624 1013 730 1098 pretio
756 1013 820 1077 sibi
842 1016 954 1096 posset
980 1012 1087 1098 quoad

10 1102 13 1181 ζ
67 1101 154 1165 vitae
169 1101 441 1166 sustentationem
451 1103 619 1167 consulere
635 1123 672 1166 ac
687 1102 786 1166 etiam
801 1101 935 1185 provide
949 1124 1087 1187 pauper·

10 1198 13 1233 ¹
33 1214 55 1256 n
67 1189 148 1254 tatis
171 1189 285 1273 iugum
306 1210 326 1253 a
344 1212 379 1254 se
402 1190 561 1256 discutere
580 1193 612 1255 et
635 1191 764 1275 fugare,
787 1191 957 1274 impellens
981 1191 1086 1275 ipsam

67 1277 189 1343 seriose
218 1281 251 1343 et
278 1278 425 1344 districte
452 1283 489 1344 ut
516 1280 603 1344 dicta
631 1281 764 1345 encenia
790 1280 874 1363 apud
903 1302 937 1344 se
959 1281 1007 1344 ita
1031 1281 1086 1344 ab·

67 1367 240 1432 sconderet
264 1388 302 1432 ac
325 1368 425 1432 etiam
449 1368 640 1451 occultaret,
663 1369 834 1452 quodnisi
858 1390 951 1434 casus
974 1373 1086 1434 tantae

65 1455 274 1521 necessitatis
303 1458 483 1540 accederet,
511 1461 549 1521 ut
571 1457 731 1541 praedixi,
756 1458 840 1521 nulli
863 1480 1005 1542 unquam
1028 1458 1086 1523 ho·

66 1545 149 1610 mini
172 1545 295 1610 viventi
326 1546 365 1609 de
386 1546 439 1610 his
463 1568 562 1610 unum
586 1546 720 1611 verbum
748 1546 975 1629 quoquomodo
998 1568 1086 1611 reve·

27 1659 51 1701 rs
64 1635 158 1700 laret.
204 1633 297 1710 Quod
325 1656 359 1698 se
386 1635 458 1718 ipsa
480 1635 547 1698 filia
573 1635 736 1699 facturam
759 1635 891 1699 omnino
916 1636 1014 1700 matri
1038 1657 1086 1699 re·

64 1723 228 1807 promisit.

157 1811 283 1889 Quibus
300 1812 451 1876 omnibus
471 1813 517 1876 sic
531 1813 671 1896 peractis
691 1816 724 1877 et
742 1811 793 1876 die
814 1812 853 1878 ad
873 1813 1085 1877 recedendum
1098 1809 1139 1874 16

64 1901 212 1986 praefixa
235 1900 423 1965 adveniente
448 1904 645 1966 mercatores
671 1901 828 1985 praedicti
855 1902 1085 1984 imperatorem

66 1991 217 2056 adierunt
244 1990 386 2054 dicentes
414 1990 586 2073 ipsumque
612 1995 767 2073 rogantes
794 1994 831 2054 ut
859 2012 915 2055 eos
938 1990 1087 2055 recedere

23 2106 52 2146 so
65 2079 273 2164 permitteret
305 2082 338 2143 et
369 2078 576 2162 imperatoris
608 2077 749 2143 Romani
780 2080 885 2143 filium
916 2101 982 2143 una
1014 2100 1087 2143 cum

67 2170 137 2234 eius
160 2168 227 2232 filia
246 2189 304 2232 sua
325 2167 463 2251 coniuge
486 2167 668 2259 remitteret
691 2167 776 2232 sicut
799 2168 840 2231 ab
863 2167 958 2232 initio
981 2167 1087 2232 fuerat

67 2257 252 2323 ordinatum
268 2259 460 2341 asserentes,
479 2255 566 2339 quod
585 2259 714 2340 tempus
733 2257 902 2321 recedendi
917 2279 936 2320 a
953 2256 1086 2322 domino

65 2367 127 2428 ⁴suo
152 2345 216 2411 sibi
239 2345 417 2429 praefixum
440 2346 592 2427 instaret,
617 2346 703 2429 quod
723 2346 859 2410 ulterius
879 2346 1008 2409 tardare
1028 2345 1087 2410 ali·

67 2435 210 2520 qualiter
241 2456 308 2499 non
336 2435 501 2498 auderent
546 2432 728 2517 Imperator
757 2455 833 2498 vero
861 2433 924 2498 hoc
952 2433 1086 2499 audiens

23 2524 170 2590 asfiliam
203 2545 295 2588 suam
323 2544 387 2587 nna
416 2544 488 2587 curn
521 2544 579 2586 suo
613 2544 732 2604 sponso
763 2522 843 2605 ipsis
876 2521 1014 2586 tradidit
1046 2523 1087 2586 ad

64 2611 207 2678 Romam
225 2613 339 2676 urbem
358 2610 602 2695 perducendam
640 2607 723 2675 Cum
742 2614 853 2674 autem
878 2611 1086 2693 imperatoris

64 2702 136 2766 filia
160 2701 200 2766 ad
224 2705 368 2785 portum,
392 2701 449 2765 ubi
472 2721 587 2783 naves,
610 2699 727 2783 quibus
752 2699 793 2763 ad
811 2699 949 2764 Romam
973 2701 1086 2764 urbem

64 2789 235 2856 transvehi
268 2789 421 2872 debebat,
453 2789 688 2872 consistebant,
718 2789 902 2872 duceretur,
932 2791 1026 2870 pater
1054 2793 1087 2854 et

66 2883 173 2945 mater
195 2879 301 2962 ipsam
324 2879 523 2943 associantes
548 2881 724 2962 coeperunt
746 2899 843 2961 super
865 2877 972 2961 ipsam
995 2877 1087 2961 plan-

25 2991 51 3032 eo
64 2989 143 3055 gere
166 2968 303 3052 planctu
326 2988 445 3052 magno
470 2967 627 3031 dicentes:

157 3056 197 3122 ‘0
216 3057 312 3122 unica
331 3057 400 3121 filia
417 3060 529 3120 nostra
548 3056 770 3138 dilectissima,
788 3055 899 3119 lumen
918 3056 1086 3122 oculorum
1098 3052 1139 3118 17

62 3151 271 3228 nostrorum,
295 3145 470 3210 senectutis
492 3148 623 3209 nostrae
647 3145 795 3228 baculus,
822 3145 952 3229 imperii
979 3146 1085 3212 nostri
1153 3151 1155 3155 ’

139 3311 157 3358 4
182 3320 211 3357 se
230 3320 285 3371 pro
309 3301 346 3370 si,
370 3303 442 3372 quod
464 3303 495 3356 is
514 3303 589 3356 codd.
609 3307 659 3369 est,
685 3303 793 3356 conica.
867 3308 883 3355 9
906 3301 1025 3372 provide
1048 3303 1087 3369 D,

66 3379 141 3448 qnod
165 3374 340 3446 providendo
363 3375 520 3444 sipsificorc
543 3375 665 3440 videtum
687 3372 833 3441 proprium
856 3373 891 3428 F.
985 3381 1018 3427 10
1037 3373 1087 3426 im-

65 3448 179 3519 pellens
205 3447 319 3512 conica,
344 3444 497 3515 prohibens
524 3445 599 3499 codd.
679 3451 712 3497 14
737 3443 792 3498 hiis
819 3445 894 3499 codd.
974 3451 1006 3498 19
1033 3461 1087 3512 quc

66 3536 117 3577 om.
137 3519 174 3573 F.
249 3524 283 3571 22
302 3518 413 3589 tempus
432 3517 475 3588 D,
493 3517 622 3587 tempore
643 3514 680 3570 F.
750 3520 789 3570 ‘nt
803 3514 939 3569 transiet
952 3515 994 3565 Ἠ.
