2370 3834
122 177 188 242 256
207 177 238 244 Q.
250 176 360 234 OURTI
369 176 455 233 RUFI
464 175 719 232 HISTORIARUM
729 175 945 232 ALEXANDRI
953 175 1043 245 vnn,
1058 182 1103 232 10.

69 335 103 385 23
122 322 200 388 tuit:
228 342 318 389 arma
346 342 472 405 quoque
496 321 537 386 ad
564 320 738 404 pristinum
761 320 882 384 refecta
905 324 983 385 sunt
1005 321 1140 406 cultum,

124 412 243 495 quippe
260 409 348 475 haud
365 409 479 493 procul
494 408 656 474 aPerside
671 409 806 474 aberant
818 429 884 473 non
898 413 1017 493 pacata
1031 410 1140 493 modo,

70 513 105 563 24
124 499 179 565 sed
198 503 295 564 etiam
315 498 477 582 opulenta.
512 498 627 584 Igitur,
644 499 683 562 ut
701 519 800 580 supra
817 497 1013 582 dictumest,
1033 520 1141 563 aemn-

123 588 209 653 latus
232 586 340 652 Patris
362 586 472 652 Liberi
494 609 561 652 non
583 587 722 671 gloriam
746 587 862 668 solum,
886 607 984 670 quam
1009 608 1049 651 ex
1074 587 1141 652 illis

123 677 275 760 gentibus
307 676 547 762 deportaverat,
579 675 635 739 sod
667 675 765 738 etiam
796 674 931 756 famam,
964 675 1033 740 sive
1056 675 1142 740 illud

122 764 308 848 triumphus
327 764 392 828 fuit
411 765 452 828 ab
471 786 509 829 eo
528 764 670 848 primum
688 763 872 847 institutus,
896 763 963 828 sive
982 763 1142 829 bacchan-

122 854 205 917 tium
227 854 340 955 lusus,
372 853 489 919 statuit
519 853 656 935 imitari,
691 851 799 917 animo
835 872 930 934 super
961 851 1143 917 humanum

71 956 105 1005 ao
123 941 199 1007 fast'
175 942 292 1027 trgium
320 941 415 1006 elato.
459 940 572 1024 Vioos,
603 961 662 1025 per
689 961 770 1023 quos
802 940 864 1004 iter
891 944 973 1024 erat,
1005 940 1141 1006 fioribus

124 1032 316 1132 coronisque
354 1031 455 1094 sterni
491 991 594 1114 iubet,
630 1028 799 1093 liminibus
836 1028 963 1101 aedium
997 1033 1141 1094 crateras

124 1121 200 1184 vino
231 1120 374 1202 repletas
402 1123 435 1183 et
462 1118 528 1183 alia
555 1117 692 1182 eximiae
718 1117 953 1201 magnitudinis
975 1139 1057 1182 vasa
1080 1119 1143 1183 dis-

123 1208 217 1292 poni,
238 1207 388 1272 vehicula
411 1206 524 1271 deinde
547 1209 724 1289 constrata,
752 1209 790 1270 ut
811 1205 921 1290 plures
944 1227 1060 1290 capere
1084 1206 1142 1271 mi·

124 1297 199 1361 lites
229 1298 374 1379 possent,
401 1296 436 1360 in
462 1295 745 1361 tabernaculorum
768 1293 900 1358 modum
922 1295 1047 1379 ornari,
1077 1295 1144 1360 alia

72 1397 106 1446 26
125 1384 268 1450 candidis
291 1384 387 1465 velis,
411 1385 477 1448 alia
498 1387 588 1449 veste
610 1383 760 1466 pretiosa.
806 1382 906 1446 Primi
927 1383 1029 1448 ibant·
1045 1384 1143 1448 amici

125 1477 159 1537 et
181 1473 297 1538 cohors
319 1473 411 1557 regia
432 1473 530 1538 variis
555 1472 706 1536 redimita
727 1470 862 1536 floribus
885 1473 1080 1557 coronisque
1100 1508 1139 1518 -

126 1560 206 1626 alibi
229 1561 397 1626 tibicinum
420 1565 542 1644 cantus,
565 1560 645 1625 alibi
663 1559 752 1644 lyrae
772 1581 870 1624 sonus
889 1560 1084 1625 audiebatur
1101 1597 1140 1608 -

124 1651 204 1714 item
232 1649 394 1721 vehiculis
417 1671 477 1734 pro
501 1649 595 1733 copia
617 1648 770 1732 cuiusque
798 1649 965 1714 adornatis
988 1650 1143 1715 comissa·

124 1737 254 1802 bundus
282 1737 452 1821 exercitus,
480 1739 592 1821 armis,
609 1743 701 1821 'quae
728 1738 869 1801 maxime
897 1737 1014 1803 decora
1039 1742 1143 1820 erant,

126 1826 469 1909 circumpendentibus.
500 1825 613 1910 Ipsum
634 1825 850 1909 convivasque
868 1847 980 1891 onnus
999 1827 1145 1892 vehebat

125 1915 260 1980 crateris
284 1915 390 1979 aureis
410 1913 616 1998 eiusdemque
634 1914 790 1979 materiae
808 1914 996 2000 ingentibus
1013 1916 1144 1999 poculis

72 2015 106 2063 av
124 2003 322 2088 praegravis.
371 2001 443 2068 Hoc
474 2003 570 2067 modo
602 2023 660 2086 per
692 2002 759 2067 dies
791 2020 843 2066 vn
872 2002 1141 2070 bacchabundum

126 2089 1144 2247 {attentabantatthutllhlflhzttl

126 2269 188 2334 viri
211 2268 306 2333 modo
330 2273 364 2333 et
386 2268 500 2352 sobrii,
522 2286 574 2333 v11
597 2268 720 2332 dierum
739 2269 873 2351 crapula
891 2288 1007 2353 graves
1024 2269 1063 2335 in
1082 2253 1143 2336 suo

72 2370 107 2419 28
125 2357 291 2440 triumpho
316 2377 429 2440 capere
450 2358 635 2440 potuerunt.
681 2354 744 2421 Sed
766 2356 910 2441 fortuna,
938 2374 1020 2441 quac
1043 2359 1144 2425 rebus

125 2445 248 2510 famam
266 2445 468 2528 pretiumque
487 2445 669 2527 constituit,
687 2443 749 2509 hoc
767 2466 895 2528 quoque
913 2445 1054 2511 militiae
1070 2468 1145 2531 pro·

124 2534 220 2598 bruni
243 2536 316 2598 vert
301 2533 344 2597 tit
365 2533 400 2596 in
421 2533 569 2618 gloriam.
604 2531 650 2597 Et
667 2554 821 2616 praesens
840 2536 929 2597 aetas
953 2539 987 2598 et
1004 2537 1145 2618 posteri·

125 2625 177 2687 tas
197 2621 311 2686 deinde
330 2622 449 2685 mirata
466 2625 526 2705 est,
543 2642 601 2706 per
619 2623 733 2706 gentes
747 2621 890 2685 nondum
905 2621 984 2686 satis
998 2623 1143 2690 domitas

125 2710 296 2775 incessisse
313 2710 533 2792 temulentos,
561 2709 723 2791 barbaris,
753 2709 839 2793 quod
865 2709 1034 2776 temeritas
1063 2717 1144 2798 erat,

73 2810 107 2858 29
126 2799 276 2864 fiduciam
305 2819 375 2863 esse
403 2798 534 2862 credent
535 2798 617 2862 ibus.
662 2796 757 2862 Hunc
781 2803 974 2882 apparatum
997 2801 1144 2867 carnifex

126 2887 333 2971 sequebatur
367 2886 484 2970 quippe
515 2889 662 2987 satrapes
692 2885 864 2970 Aspastes,
897 2886 936 2952 de
968 2909 1033 2972 quo
1067 2894 1143 2956 ante

73 2986 107 3036 30
127 2975 248 3040 dictum
280 2978 342 3060 est,
315 2974 562 3039 tinterfici
544 2995 659 3039 iussus
692 2977 755 3038 est:
794 2975 873 3054 adeo
904 2996 964 3039 nec
995 2977 1144 3044 luxuriae

126 3065 299 3149 quicquam
323 3026 461 3129 drudelit
446 3068 498 3129 tas
520 3084 580 3128 nec
602 3062 740 3128 crudelit
725 3063 788 3128 tati
810 3051 938 3131 luxuria
960 3065 1084 3132 obstat.

527 3347 740 3359 -ο--α--η
