2356 3846
115 158 160 225 aa
269 127 277 137 ’
488 158 519 226 a.
539 159 652 216 cuam
668 160 755 218 aum

115 305 359 390 sequendusque
394 309 479 370 esset
513 326 571 390 per
605 307 682 373 loca
708 305 796 371 omni
828 305 1000 371 solitudine
1032 308 1131 391 atque

61 411 97 462 14
114 393 224 476 inopia
245 397 347 458 vasta.
369 449 371 455 .
391 392 495 478 Igitur
518 397 631 479 quarto
655 394 705 459 die
727 397 855 478 praeter
870 392 1058 459 Armeniam
1075 416 1129 478 pe·

113 485 222 546 netrat·
253 481 294 547 ad
326 481 447 566 Tigrin
496 480 581 548 Tota
611 483 701 568 regio
733 483 818 546 ultra
849 503 977 546 amnem
1007 483 1131 548 recenti

113 569 261 634 fumabat
277 570 438 635 incendio:
456 571 574 655 quippe
588 569 748 654 Mazaeus,
765 591 983 655 quaecumque
997 570 1131 655 adierat,

61 676 96 726 15
114 657 201 722 haud
232 679 323 724 secus
352 680 450 744 quam
476 658 580 725 hostis
608 659 731 724 urebat
775 657 824 723 Ao
851 659 955 741 primo
982 658 1130 743 caligine,

115 767 212 830 quam
242 745 350 812 firmus
381 747 551 825 effuderat,
582 747 775 812 obscurante
803 747 907 811 lucem
938 745 1131 812 insidiarum

114 838 202 898 metu
230 834 387 900 substitit:
420 834 533 900 deinde
560 838 598 900 ut
624 835 839 919 speculatores
867 834 1035 917 praemissi
1057 839 1133 900 tuta

115 923 225 986 omnia
250 923 494 1006 nuntiaverunt,
523 945 643 1006 paucos
670 923 814 1008 equitum
841 922 882 987 ad
904 921 1131 1006 temptandum

114 1010 231 1074 vadum
251 1011 392 1076 fluminis
410 1011 592 1094 praemisit:
616 1011 706 1076 cuius
724 1009 860 1076 altitudo
878 1010 982 1094 primo
1004 1032 1132 1077 summa

114 1119 269 1183 equorum
290 1101 436 1183 pectora,
459 1119 548 1183 mox,
569 1101 606 1162 ut
628 1099 664 1163 in
685 1099 826 1163 medium
849 1098 974 1163 alveum
997 1102 1132 1164 ventum

61 1204 96 1256 le
115 1189 178 1269 est,
214 1186 353 1252 cervices
384 1208 512 1272 quoque
541 1187 708 1271 aequabat
762 1184 831 1251 Nec
863 1208 941 1251 sane
974 1187 1056 1250 alius
1089 1187 1132 1251 ad

114 1272 255 1339 Orientis
290 1275 423 1359 plagam
452 1279 520 1339 tam
551 1274 712 1340 violentus
742 1274 917 1358 invehitur,
953 1275 1131 1340 multorum

112 1362 306 1426 torrentium
331 1384 399 1427 non
426 1384 525 1446 aquas
552 1363 672 1447 solum,
703 1361 759 1427 sed
787 1363 886 1428 etiam
914 1384 992 1427 sexa
1020 1383 1130 1428 secum

112 1449 255 1515 trahens.
295 1449 410 1535 Itaque
433 1473 452 1515 a
475 1451 646 1534 celeritate,
668 1472 733 1535 qua
755 1450 874 1533 defluit,
897 1449 987 1535 Tigri
1008 1471 1131 1516 nomen

114 1541 164 1603 est
189 1537 343 1622 inditum,
374 1537 450 1622 quia
471 1537 600 1604 Persica
625 1539 740 1624 lingua
765 1538 867 1623 tigrin
895 1538 1048 1623 sagittam
1075 1561 1131 1623 ap·

61 1625 245 1709 apellant.
289 1625 395 1712 Igitur
416 1627 513 1711 pedes
535 1629 624 1695 uelut
646 1626 766 1691 divisus
788 1627 824 1691 in
846 1647 967 1691 cornua
994 1626 1128 1692 cneum·
1141 1629 1172 1693 δέ

115 1713 190 1778 dete
214 1714 374 1799 equitatu,
401 1715 516 1780 levatis
540 1736 636 1799 super
657 1714 765 1798 capita
788 1715 900 1799 mmis,
922 1713 1010 1779 haud
1032 1735 1131 1800 aegre

62 1820 95 1869 18
114 1801 155 1865 ad
185 1802 292 1886 ipsum
319 1804 445 1868 alveum
470 1806 626 1887 penetrat.
670 1801 797 1867 Primus
819 1803 904 1867 inter
925 1803 1049 1887 pedites
1072 1825 1131 1868 rex

114 1910 262 1974 egressus
284 1891 320 1955 in
341 1891 446 1975 ripam
468 1891 585 1956 vadum
606 1891 764 1956 militibus
787 1912 895 1974 manu,
918 1891 1046 1975 quando
1068 1913 1132 1956 vox

114 1978 256 2043 exaudiri
286 1999 353 2042 non
379 1982 520 2062 poterat,
550 1978 700 2044 ostendit
746 1976 808 2042 Sed
838 1979 974 2063 gadum
1001 1979 1132 2044 firmare

113 2064 167 2130 vix
188 2069 355 2149 poterant,
386 2087 460 2132 eum
481 2065 577 2131 modo
600 2087 678 2131 saxa
698 2066 823 2131 lubrica
844 2067 1017 2151 vestigium
1038 2067 1131 2131 falle-

61 2171 95 2220 re
113 2156 195 2236 rent,
216 2153 312 2218 modo
334 2153 477 2238 rapidior
498 2154 585 2218 unda
608 2153 807 2219 subduceret
840 2152 1036 2238 Praecipuus
1060 2159 1132 2220 erat

112 2241 207 2306 labor
238 2262 362 2326 eorum,
397 2243 451 2327 qui
482 2242 624 2307 humeris
657 2263 756 2308 onera
785 2242 973 2326 portabant:
1009 2243 1131 2328 quippe

113 2350 188 2395 cum
214 2330 404 2413 semetipsos
431 2350 542 2415 regere
568 2352 635 2396 non
662 2334 808 2414 possent,
834 2331 874 2395 in-
897 2330 1026 2414 rapidos
1054 2351 1129 2416 gur-

113 2417 198 2503 gites
232 2416 436 2483 incommodo
474 2439 571 2483 onere
602 2417 842 2503 auferebantur,
878 2422 924 2502 et,
960 2419 1037 2483 dum
1070 2440 1132 2485 sua

113 2506 249 2590 quisque
270 2506 379 2589 spolia
392 2507 545 2590 consequi
562 2506 682 2590 studet,
700 2507 804 2571 maior
820 2507 905 2572 inter
922 2507 1010 2590 ipsos
1030 2528 1129 2590 quam

114 2615 186 2658 eum
223 2594 311 2658 amni
347 2597 420 2659 orta
450 2594 582 2659 luctatio
615 2597 681 2679 est,
717 2595 899 2680 cumulique
931 2595 1130 2660 sarcinarum

59 2697 96 2749 20
113 2681 237 2765 passim
258 2682 423 2747 fluitantes
445 2683 615 2767 plerosque
642 2684 852 2766 perculerant.
896 2681 966 2748 Rex
989 2704 1129 2767 monere,

113 2772 150 2832 ut
172 2770 251 2834 satis
273 2770 432 2835 haberent
453 2792 543 2836 arma
564 2770 710 2854 retinere,
736 2775 842 2836 cetera
864 2791 898 2836 se
920 2770 1128 2836 redditurum.

113 2853 176 2921 Sed
204 2877 308 2940 neque
337 2858 507 2924 eonsilium
535 2879 639 2943 neque
665 2859 835 2942 imperium
863 2858 964 2942 accipi
986 2863 1128 2943 poterat:

113 2943 323 3026 obstrepebat
342 2945 420 3011 hinc
441 2949 560 3030 metus,
587 2949 724 3030 praeter,
735 2946 822 3011 hunc
844 2945 981 3010 invicem
1003 2947 1127 3012 luctan-

59 3048 93 3098 21
112 3031 194 3096 tium
212 3035 344 3098 mutuus
363 3035 491 3100 camur.
523 3033 668 3099 Tandem
684 3055 749 3118 qua
765 3033 886 3099 leniore
899 3037 1005 3099 tractu
1020 3036 1127 3100 amnis

113 3120 217 3203 aperit
238 3119 370 3204 vadum,
393 3142 563 3206 emersere,
584 3142 645 3189 nee
666 3121 836 3206 quicquam
859 3124 987 3207 praeter
1008 3145 1129 3206 paucas

58 3208 257 3276 staminas
285 3208 500 3275 desideratum
528 3214 586 3277 est
630 3208 740 3277 Deleri
767 3210 875 3294 potuit
901 3211 1074 3294 exercitus,
1101 3212 1129 3276 si

112 3295 185 3379 quis
214 3296 340 3361 ducere
367 3319 465 3363 ausus
493 3302 590 3383 esset,
623 3297 679 3365 sed
705 3301 861 3382 perpetua
886 3298 1020 3364 fortuna
1040 3301 1128 3384 regis

112 3385 230 3449 avertit
246 3383 321 3451 inde
338 3384 475 3453 hostem.
512 3383 566 3452 Sic
579 3385 754 3453 Granicum
772 3389 824 3451 tot
838 3386 967 3451 milibus
982 3387 1128 3470 equitum

92 3471 317 3556 peditumque
340 3474 377 3539 in
406 3474 558 3540 ulteriore
586 3474 746 3541 stantibus
774 3474 845 3558 ripa
873 3476 1050 3558 superavit,
1081 3475 1128 3540 sic

76 3559 241 3631 memte
284 3560 322 3626 in
365 3559 502 3631 Ciliciae
552 3563 693 3634 callibus
729 3565 858 3631 tantm
889 3562 1133 3626 multitudinem
