2356 3846
231 154 484 213 HISTORIARUM
501 155 718 257 ALEXANDRl
734 157 809 226 VIII,
829 162 852 211 1.
872 163 896 212 2.
1009 155 1072 219 189

499 350 578 418 Gar.
600 351 657 438 II..

29 475 51 539 6
154 473 241 539 Male
275 474 425 540 humanis
461 476 599 560 ingeniis
630 479 748 541 natura
778 475 953 556 consuluit,
927 474 1108 558 tquodl

63 562 256 647 plerumque
290 584 357 629 non
386 563 510 647 futura,
546 563 602 629 sed
638 567 804 628 transacta
839 524 1075 647 perpendimus.

65 651 192 735 Quippe
223 671 292 736 rex,
324 652 539 735 postquam
530 674 579 716 ιιι
609 657 718 717 mente
750 652 943 733 decesserat,
917 651 1074 714 tetiam

65 739 169 805 ebriet
171 742 223 804 ate
250 739 395 804 discusse
420 731 676 822 magnitudinem
702 739 856 805 facinoris
884 761 957 804 sera
980 739 1075 802 aesti-

64 827 211 892 matione
231 827 405 910 perspexit.
382 826 604 910 tVidebat,
630 830 707 893 tunc
729 828 901 893 immodica
923 827 1075 890 libertate
1093 837 1109 884 2

65 916 218 997 abusum,
247 916 302 980 sed
334 915 456 998 alioqui
488 915 656 1001 egregium
686 915 773 980 bello
804 917 908 981 virum
937 918 982 996 et,
1012 914 1075 977 nisi

66 1002 271 1068 erubesceret
288 1002 394 1087 fateri,
412 1007 610 1068 servatorem
626 1003 676 1068 sui
690 1004 838 1068 occisum.
874 1002 939 1067 Det
925 1005 990 1066 ttes
974 964 1076 1065 labile

65 1089 227 1155 carnificis
255 1090 471 1155 ministerium
498 1095 712 1174 occupaverat
737 1113 807 1176 rex,
837 1090 1009 1156 verborum
1037 1088 1075 1152 li-

66 1178 221 1262 centiam,
251 1199 333 1261 quae
361 1179 437 1242 ιιιιο
466 1182 595 1262 poterat
621 1180 779 1263 inputari,
810 1178 951 1243 nefanda
978 1175 1075 1240 caede

65 1267 165 1330 ultus.
209 1264 367 1330 Manabat
352 1269 459 1330 ιιοιο
482 1267 644 1332 vestibulo
669 1289 762 1331 cruor
784 1268 880 1350 paulo
905 1269 978 1330 ante
1002 1285 1075 1328 con·
1094 1278 1110 1326 3

66 1353 174 1418 vivae·
205 1354 321 1438 vigiles
354 1354 486 1419 attoniti
519 1358 552 1418 et
579 1355 784 1437 stupentibus
812 1355 935 1419 similes
962 1352 1075 1435 procul

66 1441 201 1506 stabant
226 1440 474 1525 liberioremque
503 1442 735 1543 paenitentiam
759 1442 898 1506 solitudo
922 1441 1075 1506 exciebat

66 1527 157 1613 Ergo
195 1528 325 1594 hastam
362 1550 401 1594 ox
433 1551 567 1612 corpore
601 1529 737 1595 iacentis
769 1530 913 1595 evolsam
944 1550 979 1593 re
980 1529 1112 1592 torsit4

66 1619 246 1682 1nzsemet
277 1618 406 1701 iamque
434 1617 620 1682 admoverat
650 1617 787 1700 pectori,
820 1638 891 1682 cum
922 1616 1077 1680 advolant

67 1704 184 1788 vigiles
203 1708 237 1770 et
253 1705 448 1790 repugnanti
466 1726 483 1768 e
502 1705 651 1769 manibus
671 1708 864 1787 extorquent
878 1704 1006 1768 adlevat
992 1708 1076 1766 t·um

67 1813 130 1875 qua
148 1792 185 1857 in
204 1793 450 1858 tabernaculum
468 1792 623 1857 deferunt.
663 1792 726 1855 Ille
748 1793 839 1858 humi
856 1795 947 1875 prost
933 1794 1077 1854 traverat
1095 1805 1110 1853 5

68 1900 186 1964 corpus
214 1880 338 1964 gemitu
365 1881 550 1963 eiulatuque
572 1879 750 1945 miserabili
772 1882 877 1944 totam
899 1899 1076 1962 personans

67 1970 204 2051 regiam.
238 1966 376 2035 Laniare
397 1968 511 2032 deinde
535 1989 572 2033 os
595 1968 756 2051 unguibus
780 1971 813 2031 et
830 1969 1076 2031 circumstantes

67 2074 199 2140 rogare,
223 2076 264 2119 ne
287 2077 322 2120 se
339 2059 433 2120 tanto
451 2056 599 2120 dedecori
618 2055 824 2139 superstitem
843 2076 912 2119 esse
930 2058 1077 2138 pateren-

67 2147 131 2209 tur.
172 2143 264 2207 Inter
281 2143 342 2208 has
360 2164 470 2226 preces
488 2147 561 2209 tota
579 2165 644 2209 nox
662 2146 806 2209 extracta
824 2146 882 2207 est.
928 2140 1077 2206 Scrutan·
1096 2161 1112 2209 c

68 2234 211 2315 temque,
231 2252 310 2306 uum
328 2232 378 2295 ira
400 2231 533 2297 deorum
557 2230 598 2295 ad
615 2234 743 2296 tantum
760 2230 853 2296 nefas
872 2233 963 2295 actus
983 2233 1077 2312 esset,

69 2319 158 2384 subit
181 2319 435 2384 anniversarium
454 2317 644 2387 sucrificium
663 2318 780 2385 Libero
803 2317 895 2383 Patri
917 2339 983 2383 non
1007 2338 1077 2381 esso

68 2405 232 2472 redditum
246 2409 368 2471 statuto
382 2410 541 2489 tempore:
564 2407 674 2489 itaque
688 2406 774 2471 inter
791 2407 904 2471 uinum
919 2409 951 2469 et
965 2405 1076 2488 epulas

68 2493 166 2560 caede
190 2494 364 2559 commissa
386 2494 469 2559 irem
488 2495 539 2559 dei
556 2493 657 2559 fuisse
675 2493 891 2559 manifestam.
928 2491 1075 2556 Ceterum
1096 2513 1112 2562 ι

68 2581 175 2666 magis
198 2603 236 2646 eo
259 2583 458 2665 movebatur,
481 2581 566 2666 quod
589 2581 732 2646 omnium
756 2582 932 2645 amicorum
952 2579 1076 2642 animos

68 2669 202 2735 videbat
223 2670 396 2735 attonitos:
422 2669 584 2734 neminem
611 2691 685 2734 cum
711 2669 783 2751 ipso
810 2669 932 2733 sociare
960 2687 1077 2730 sermo

68 2779 146 2824 nem
158 2761 274 2842 postea
288 2779 452 2822 ausurum:
472 2757 643 2822 vivendum
661 2777 730 2821 csse
748 2756 783 2820 in
802 2754 974 2821 solitudine
988 2754 1078 2819 uelut

67 2845 157 2911 ferae
179 2845 302 2912 bestiae
324 2846 459 2911 terrenti
482 2845 563 2909 alias
586 2845 786 2927 timentique.
831 2843 942 2907 Prima
964 2842 1077 2906 deiude
1096 2863 1113 2913 8

68 2933 142 3003 luce
168 2932 377 3000 tabernaculo
406 2955 536 3016 corpus,
566 2933 648 2998 sicut
676 2932 780 2997 adhuc
807 2935 974 2996 cruentum
998 2933 1078 3013 erat,

68 3021 166 3086 iussit
183 3021 306 3086 inferri.
347 3021 417 3097 Quo
435 3022 543 3104 posito
564 3025 639 3084 ante
657 3019 764 3102 ipsum
782 3018 926 3083 lacrimis
946 3018 1079 3096 obortis,

68 3107 198 3192 ‘Hanc',
229 3110 348 3192 inquit,
380 3107 511 3175 ‘nutrici
540 3129 630 3174 meae
659 3108 800 3192 gratiam
831 3106 956 3188 rettuli,
987 3105 1077 3170 cuius

68 3196 134 3266 duo
153 3196 215 3263 filii
233 3197 318 3279 apud
335 3196 483 3262 Miletum
503 3217 561 3280 pro
581 3217 653 3260 mea
672 3194 779 3278 gloria
797 3194 974 3259 occubuere
993 3215 1078 3257 mor-

67 3287 150 3368 tem,
172 3283 227 3359 hio
245 3284 361 3369 frater,
383 3286 513 3350 unicum
531 3283 680 3349 orbitatis
699 3283 864 3366 solacium,
887 3305 907 3346 a
923 3304 975 3346 me
993 3281 1078 3345 inter

68 3373 182 3456 epulas
214 3371 337 3440 occisus
370 3377 429 3438 est
484 3371 554 3447 Quo
585 3392 671 3437 nunc
699 3392 733 3435 se
765 3370 911 3436 conferet
937 3369 1112 3439 miserate

67 3457 229 3527 Omnibus
262 3461 331 3533 eius
365 3482 448 3529 unus
483 3480 663 3544 supersum,
700 3481 795 3543 quem
828 3459 935 3524 solum
966 3457 1081 3534 aequis

67 3548 172 3614 oculis
190 3547 300 3614 vidore
316 3571 383 3617 non
404 3549 538 3635 poterit.
572 3548 623 3616 Et
640 3567 705 3635 ego
723 3550 941 3614 seruaturum
950 3555 1114 3600 meorum
