2356 3846
250 178 504 236 HISTORIARUM
521 178 737 234 ALEXANDRI
756 179 789 250 V,
809 187 833 234 2.
853 187 878 235 3.
1027 180 1070 244 87

57 347 186 413 quoque
210 326 329 409 accipe,
357 345 515 407 mensam,
539 345 577 388 cx
601 345 664 408 qua
685 325 800 390 libavit
822 326 925 390 hostis
949 325 1070 409 epulas,

56 416 123 481 tuis
147 414 281 498 pedibus
305 434 375 477 esse
399 411 594 477 subiectam?

20 503 43 568 9
147 502 217 566 Rex
235 501 376 565 Persidis
398 501 497 564 finem
520 499 664 565 aditurus
683 499 765 566 Susa
783 503 894 566 urbem
910 501 1069 566 Archelao
1091 523 1123 571 16

57 595 91 656 11
108 591 304 674 praesidium
322 608 361 654 111
376 589 502 653 milium
519 589 667 653 tradidit:
691 587 873 672 Xenophilo
893 592 976 654 arcis
995 612 1071 654 cura

57 679 212 743 mandata
234 682 284 742 est
311 678 398 742 mille
426 675 640 741 Macedonum
667 681 772 741 aetate
800 679 952 762 gravibus
980 700 1070 761 prae·

58 767 162 831 sidere
197 767 279 831 arcis
312 765 475 830 custodiae
506 766 617 830 iussim
654 766 880 830 thesaurorum
906 765 1070 832 Callicrati
1090 787 1123 835 17

57 855 161 919 tutela
190 854 362 938 permissa:
395 855 543 937 satrapea
569 854 711 938 regionis
739 853 894 918 Susianae
921 855 1071 919 restituta

57 941 222 1007 Abulitae.
267 941 406 1006 Matrem
433 962 559 1025 quoque
587 945 620 1006 et
646 942 764 1007 liberos
791 944 871 1024 repas
897 942 931 1006 in
960 942 1071 1006 eadem

58 1031 139 1095 urbe
167 1031 307 1113 deponit.
361 1028 410 1094 Ac
436 1029 520 1093 forte
543 1029 766 1095 Macedonicas
793 1034 898 1094 vestes
922 1031 1124 1099 multam-18

58 1140 122 1203 que
150 1139 326 1201 purpuram
354 1118 438 1181 dono
467 1138 505 1180 ex
531 1117 721 1183 Macedonia
753 1119 816 1183 sibi
842 1119 975 1182 missam
998 1140 1071 1182 cum
1123 1138 1124 1141 ’

57 1206 123 1288 his,
151 1227 233 1290 quae
255 1205 474 1289 confecerant,
501 1207 586 1270 tradi
609 1205 784 1291 Sisigambi
805 1207 895 1270 iubet
917 1242 961 1252 —
984 1207 1072 1269 omui
1149 1280 1154 1284 ,

58 1315 200 1379 namque
221 1294 344 1358 honore
372 1314 443 1357 earn
471 1297 504 1357 et
528 1294 587 1357 filii
610 1316 736 1379 quoque
758 1295 880 1378 pietate
901 1314 1071 1378 proseque-

59 1381 156 1446 batur
170 1380 453 1465 -admonerique
475 1381 578 1464 iussit,
600 1386 645 1465 ut,
669 1384 696 1446 si
724 1383 811 1448 cordi
830 1404 956 1466 quoque
972 1382 1071 1445 vestis
1092 1402 1124 1450 19

59 1473 158 1552 esset,
191 1470 344 1534 conficere
372 1489 443 1533 eam
470 1472 583 1552 neptes
616 1491 690 1534 suas
718 1469 949 1535 adsuefaceret:
986 1470 1071 1534 dono

60 1578 108 1640 se,
140 1579 223 1641 quae
256 1557 420 1640 docerent,
449 1558 534 1621 dare.
582 1555 635 1620 Ad
666 1558 750 1621 hanc
781 1579 891 1623 vocem
920 1557 1072 1622 lacrimae

60 1647 195 1710 obortae
234 1645 403 1728 prodidere
445 1645 588 1709 animum
629 1647 831 1727 aspernantis
869 1646 902 1709 id
938 1667 1072 1709 munus:

59 1734 176 1817 quippe
203 1754 270 1796 non
293 1733 380 1796 aliud
403 1733 507 1817 magis
529 1734 564 1796 in
587 1734 814 1797 contumeliam
836 1731 1006 1797 Persarum
1027 1733 1073 1796 fe·

59 1822 168 1886 minae
191 1821 366 1904 accipiunt,
390 1842 486 1905 quam
509 1821 678 1885 admovere
700 1821 793 1884 lanae
816 1843 941 1884 manus.
981 1819 1071 1885 Nun·
1091 1843 1125 1890 20

59 1910 158 1992 tiant,
194 1909 250 1992 qui
281 1907 367 1972 dona
402 1909 557 1986 tulerant,
592 1909 720 1973 tristem
752 1931 821 1974 esse
857 1907 1072 1993 Sisigambim,

60 1996 224 2082 dignaque
247 2017 298 2060 res
322 1998 356 2060 et
377 1997 580 2061 excusatione
603 2001 635 2060 et
653 1998 772 2062 solacio
791 1997 868 2061 visa.
902 1995 976 2079 Ipse
995 2017 1072 2080 ergo

59 2085 209 2168 pervenit
231 2083 272 2147 ad
292 2105 363 2147 eam
383 2087 423 2167 et,
447 2083 583 2167 εΜ1111’,
605 2085 720 2169 inquit,
743 2085 987 2166 ε11111111111111,
1010 2106 1074 2168 qua

58 2172 193 2237 indutus
221 2192 306 2254 sum,
338 2193 484 2249 sororum
510 2193 579 2237 nun
605 2173 725 2237 donum
753 2175 870 2254 solum,
902 2172 1074 2236 sedetiam

60 2282 143 2344 opus
161 2259 264 2325 vides:
288 2260 391 2323 nostri
414 2259 570 2343 decepere,
584 2281 635 2323 me
653 2282 768 2325 mores.
814 2259 908 2343 Cave,
931 2261 1074 2343 obsecro,
1093 2280 1125 2329 21

58 2348 96 2412 in
123 2347 352 2413 contumeliam
379 2348 538 2430 acceperis
565 2349 803 2431 ignorationem
825 2369 939 2411 meam.
985 2346 1073 2423 Quae

59 2436 109 2500 tui
132 2436 232 2500 moris
255 2455 325 2499 esse
347 2435 494 2519 cognovi,
516 2439 554 2500 ut
576 2457 679 2519 spero,
702 2436 827 2501 abunde
847 2438 975 2500 servata
991 2440 1073 2499 sunt

60 2521 136 2588 Scio
170 2521 256 2607 apud
286 2543 344 2586 vos
375 2523 441 2587 filio
473 2523 508 2586 in
539 2527 711 2606 conspectu
743 2524 856 2587 matris
882 2524 974 2587 nefas
1003 2544 1072 2587 csse
1091 2544 1125 2592 aa

60 2610 242 2693 considere,
269 2610 332 2673 nisi
360 2631 433 2674 cum
455 2611 512 2674 illa
533 2612 692 2694 permisit:
725 2612 1009 2696 quotienscumque
1033 2611 1074 2674 ad
1104 2621 1107 2629 ’

59 2703 94 2765 te
116 2698 204 2782 veni,
227 2697 340 2782 donec,
363 2701 400 2762 ut
422 2699 628 2781 considerem,
651 2698 816 2779 adnueres,
838 2699 951 2762 restiti.
996 2696 1073 2762 Pro·

60 2787 216 2852 cumbens
238 2785 383 2850 venerari
405 2807 457 2849 me
480 2807 574 2868 saepe
596 2787 742 2851 voluisti:
770 2785 902 2850 inhibui.
947 2785 1073 2849 Dulcis-

61 2875 163 2941 simae
186 2873 283 2938 matri
301 2872 483 2957 Olympiadi
505 2895 624 2938 nomen
643 2873 786 2939 debiturn
808 2874 869 2938 tibi
891 2872 1010 2938 reddo!

490 3029 567 3098 Oua
590 3029 649 3096 111.

11 3137 52 3204 10
151 3136 301 3222 Mitigato
329 3136 437 3201 animo
465 3137 533 3200 eius
560 3158 617 3201 rex
644 3137 768 3221 quartis
791 3137 905 3213 castris
927 3138 1107 3221 pervenit'r

62 3226 104 3291 nd
126 3225 251 3310 [tigrim
272 3224 412 3288 fluvium.
456 3223 644 3310 Pasitigrim
665 3226 790 3290 incolae
812 3229 942 3290 vocant:
972 3227 1074 3290 oritur

61 3315 96 3378 111
132 3312 296 3378 montibus
328 3311 485 3377 Uxiorum
521 3315 554 3376 et
588 3335 645 3397 per
680 3330 703 3377 n
735 3313 840 3378 stadia
872 3313 1072 3378 silvestribus

61 3402 141 3486 ripis
164 3420 317 3484 praeceps
339 3401 425 3465 inter
447 3423 524 3466 saxa
544 3400 734 3467 devolvitur.
768 3400 942 3484 Accipiunt
959 3401 1108 3469 deindea

61 3490 136 3554 eum
158 3489 277 3571 campi,
300 3510 380 3572 quos
403 3488 607 3554 clementiore
631 3490 725 3567 alueo¹
743 3490 916 3573 praeterit,
931 3489 1005 3550 iam
1016 3509 1077 3548 ua-

61 3579 145 3642 rium
164 3577 305 3658 patiens.
340 3594 388 3644 nc
411 3583 491 3646 sunt
512 3578 624 3647 stadia
645 3575 916 3657 molliorisessb'n
930 3592 996 3652 W
1017 3566 1115 3645 ab&
