2356 3846
111 163 176 230 268
486 163 755 231 uconmuom
795 121 798 125 ἢ

110 310 217 376 baberi
241 311 411 395 promouit,
438 314 475 375 ut
500 310 638 392 quotiens
665 309 732 376 ludi
753 315 844 392 atque
870 310 1044 377 certamina
1070 311 1133 378 edo·

110 404 232 483 rentur,
262 401 299 464 in
331 400 448 482 primis
479 398 640 464 ordinibus
671 400 809 465 emorooti
840 403 1011 482 spectarent
1040 404 1133 483 utque

109 489 176 570 fato
210 489 389 570 functorum
425 487 514 553 liberi
548 487 709 570 inqouberes
744 488 779 553 in
809 493 946 571 paterno
978 488 1135 572 stipendia

110 578 307 643 succedemm
340 575 502 643 Oraterum
520 576 723 642 Macedoniae
740 577 1021 660 continentibusque
1038 578 1134 662 reqio

110 665 202 731 nibus
233 685 303 731 cum
329 666 458 748 imqrerio
490 684 630 748 praeesse
659 665 794 749 placuit,
826 665 1036 749 Antipatrum
1063 687 1168 732 uuu-

110 754 316 837 annplemonto
352 755 513 820 iuniorum
548 754 755 819 Macedonum
791 756 835 819 ad
865 775 967 837 reqem
995 774 1134 839 perqera

117 841 283 908 Verebatur
305 844 399 925 enim,
421 863 460 908 ne
478 863 536 926 per
557 843 744 908 discordiam
760 842 913 926 praefecti
934 863 1005 909 oum
1028 842 1134 929 olum

104 931 202 1013 piade
220 932 326 1014 qraois
353 933 460 1013 aliquo
482 931 582 997 clades
603 931 797 1014 acu'qoerotur.
843 931 930 998 Nam
951 932 1071 999 multas
1093 934 1138 999 ad

110 1019 328 1085 Alexandrum
354 1020 497 1102 epistolas
525 1022 637 1104 mator,
668 1019 784 1086 multas
810 1019 979 1103 Antipater
1004 1023 1137 1087 miserat

110 1109 303 1191 vicissimque
325 1109 406 1174 inter
428 1129 460 1174 se
481 1109 742 1193 criminabantur,
764 1129 844 1191 quae
864 1110 909 1175 ad
928 1110 1058 1176 deduius
1080 1115 1138 1176 out

110 1197 327 1262 detrimmtum
342 1198 444 1281 reqioe
456 1197 627 1262 maiestatis
640 1198 838 1279 pertinormt.
865 1197 1039 1280 Postqrmm
1051 1200 1136 1265 euim

110 1305 219 1351 mmor
241 1287 331 1351 occist
352 1286 434 1369 reqis
456 1290 564 1350 umam
585 1286 728 1368 nnlqatus
750 1287 787 1352 iu
803 1287 1027 1352 Macedoniam
1043 1306 1136 1371 pute·

111 1375 215 1452 travit,
232 1378 332 1438 mater
350 1375 416 1439 eius
432 1393 576 1456 sororque
591 1371 756 1457 Cleopatra
774 1374 980 1441 tumultuatae
996 1376 1136 1463 fuerant,

110 1461 238 1526 clicaeo
269 1463 392 1544 quidem
420 1466 591 1545 qoaterrmm
620 1483 762 1547 roqnnm,
800 1461 962 1548 Olumpias
993 1464 1136 1549 Epimeni

110 1551 276 1616 inuaserat.

200 1638 326 1704 Interea
352 1659 420 1723 rec,
446 1643 484 1705 nt
503 1639 664 1705 imminuti
685 1640 833 1705 eremitas
857 1640 1045 1707 detrimenta
1067 1662 1135 1709 sar·

111 1727 187 1792 ciret
203 1728 353 1809 optimum
370 1748 518 1810 quemque
534 1727 706 1793 Persomm
723 1728 759 1792 in
776 1728 994 1796 Macedonicos
1011 1732 1135 1798 ordines

111 1815 238 1899 adleqit:
255 1816 340 1881 mille
357 1816 451 1880 etiam
467 1817 749 1898 praestantissimos
762 1818 930 1901 seqroqaait
941 1819 987 1885 ad
998 1821 1134 1902 cunonis

111 1905 294 1969 custodiam:
327 1905 426 1970 oliam
456 1904 650 1970 hastatorum
680 1924 823 1990 manum,
856 1904 945 1972 band
968 1910 1135 1990 mucius

111 1992 210 2057 decem
231 1993 365 2073 milibus,
388 1994 472 2059 eirca
492 1994 612 2077 roqium
635 1993 866 2059 tabernaculum
883 1995 1029 2062 cambros
1047 2018 1134 2082 aqere

111 2081 211 2146 iussit.
260 2081 350 2146 Haeo
385 2083 489 2165 aqenti
522 2082 679 2147 Peucestes
714 2083 888 2166 sequiminit
919 2103 991 2149 oum
1021 2086 1134 2170 umuli

111 2170 347 2251 saqittariomm
371 2170 625 2252 funditommque
648 2170 785 2255 malibus,
813 2191 889 2253 quos
914 2193 952 2237 ec
973 2193 1035 2239 sua
1061 2192 1135 2258 pru

111 2258 581 2429 limitandum
595 2259 1135 2431 dalamantia

111 2439 243 2500 uectatus
265 2439 325 2499 est:
347 2435 420 2499 inde
441 2436 614 2517 quadriduo
634 2456 695 2519 ner
716 2434 891 2502 Sittacenen
913 2438 1015 2505 ductis
1039 2441 1135 2524 copiis

112 2521 274 2588 Sambana
295 2525 455 2607 prooessit,
481 2524 536 2589 ubi
556 2543 616 2606 per
639 2529 751 2607 wiern
772 2525 838 2590 dies
859 2526 998 2608 quicimn
1024 2548 1135 2613 aquom

113 2612 218 2677 tenmt
270 2610 384 2677 Tridui
405 2613 513 2678 deinde
534 2613 644 2678 itinere
665 2632 784 2679 emenso
807 2611 937 2681 Celonas
952 2624 1135 2698 peromnem

112 2704 164 2765 est.
207 2697 363 2783 Opqridnm
384 2699 440 2766 boe
463 2706 563 2766 tenent
584 2701 717 2767 Boeotia
737 2701 881 2785 profecti,
910 2724 987 2786 quos
1014 2704 1136 2773 Xerars

111 2788 232 2853 sedibus
258 2789 324 2854 suis
350 2790 462 2855 mutos
488 2790 523 2855 in
552 2788 707 2856 Oricum
730 2791 898 2856 transtulit.
948 2791 1135 2861 sonuum

112 2896 170 2958 qne
195 2882 413 2960 arqnmeutnm
442 2879 573 2960 oriqiuis
595 2878 748 2961 peculiari
773 2899 912 2946 sormam
936 2901 976 2947 en
1002 2881 1135 2951 aram

109 2965 289 3047 plerumque
314 2966 436 3032 ombus
463 2971 635 3032 constante:
662 2971 793 3033 aarum
820 2968 857 3034 ob
882 2974 1134 3040 commerciorum

113 3055 318 3118 necessitatem
348 3055 554 3136 finitimorum
585 3055 788 3121 barbarorum
820 3056 929 3142 linqua
959 3060 1133 3128 monuo.

112 3140 193 3206 bide
220 3140 416 3224 Baqrstanen
447 3144 603 3227 inqressus
634 3149 690 3228 est,
720 3144 873 3228 reqionum
902 3147 1135 3230 opulentasset

113 3229 322 3295 abundantem
343 3230 495 3316 :arborum
517 3252 643 3299 amoeno
665 3237 695 3298 et
714 3233 843 3314 fuundo
863 3234 951 3316 foetu
971 3240 1134 3323 oetuioqm

99 3318 359 3488 ialrmmalon
389 3341 482 3387 usum
512 3323 614 3407 modo,
644 3343 750 3387 nerum
781 3323 875 3389 etiam
905 3324 1134 3395 ddodationeu

179 3407 265 3472 inent
316 3428 340 3473 s.

190 3496 388 3566 Periculum
406 3499 517 3566 deinde
535 3504 580 3567 est
596 3501 634 3568 iu
647 3499 773 3568 Medion
788 3521 920 3584 carnus,
930 3502 989 3571 ubi
999 3505 1134 3573 numiui

82 3601 247 3666 mnarum
260 3612 379 3679 qreqes
398 3591 630 3678 pascebantur.
661 3591 796 3658 Nisaeos
813 3589 1144 3672 QWUW2ffl·
