2356 3846
278 135 533 192 HISTORIARUM
550 135 765 192 ALEXANDRI
782 135 857 207 VIM,
877 143 901 194 1.
1029 137 1092 202 185

85 282 191 366 pressi
221 284 309 363 sunt,
339 301 477 364 quorum
508 279 597 345 clade
623 280 725 345 totius
751 280 895 363 regionis
922 281 1016 346 finita
1043 282 1094 347 de·

84 370 185 434 sectio
200 372 257 432 est.
297 367 481 432 Alexander
495 389 621 452 quoque
636 366 806 452 Sogdianis
820 391 931 434 rursus
950 369 1093 434 subactis
1112 382 1128 431 t

86 457 282 521 Maracanda
295 457 422 539 repetit.
458 455 509 520 Ibi
522 455 652 540 Berdea
671 476 767 539 qnam
785 457 826 521 ad
840 455 979 540 Scythas
998 479 1095 541 super

86 544 269 627 Bosporum
302 544 445 609 colentes
475 544 622 627 miserat,
654 566 727 608 cum
758 545 877 628 legatis
909 547 1015 630 gentis
1045 567 1094 610 oc·

87 633 201 698 currit:
231 631 492 714 Phrataphernes
524 653 663 716 quoque,
695 633 750 717 qui
777 630 978 698 Chorasmiis
1005 645 1129 717 prae-8

86 725 168 801 erat,
188 718 382 804 Massagetis
401 727 435 784 et
452 719 555 784 Dahis
573 721 744 804 regionum
762 721 900 786 confinio
919 722 1096 805 adiunctus,

86 809 230 890 miserat,
254 811 309 891 qui
326 807 488 872 facturum
505 809 665 892 imperata
682 809 920 890 pollicerentur.
955 807 1095 891 Scythae
1114 824 1130 872 9

85 896 250 982 petebant,
273 899 309 959 ut
330 897 418 979 regis
438 896 488 959 sui
506 896 608 960 filiam
626 897 832 962 matrimonio
851 897 916 961 sibi
934 897 1095 981 iungeret:

87 985 116 1050 si
136 984 365 1067 dedignaretur
383 983 591 1062 adfinitatem,
613 985 775 1067 principes
792 984 1005 1049 Macedonum
1022 1007 1096 1048 cum

85 1071 283 1156 primoribus
307 1093 383 1135 suae
402 1073 508 1156 gentis
527 1073 664 1137 conubio
684 1074 770 1137 coire
787 1075 966 1155 pateretur:
989 1075 1097 1155 ipsum

87 1181 215 1244 quoque
237 1179 347 1242 regem
369 1163 540 1225 venturum
563 1160 604 1224 ad
623 1181 696 1224 cum
714 1161 961 1243 pollicebantur.
1001 1160 1149 1225 Utro-10

87 1269 150 1331 que
172 1247 334 1331 legatione
358 1247 496 1332 benigne
520 1249 631 1312 audita
648 1246 922 1332 Hephaestionem
945 1251 978 1313 et
1000 1247 1096 1312 Arta·

86 1336 205 1399 barum
231 1335 400 1418 opperiens
429 1337 549 1400 stativa
575 1336 704 1401 habuit:
732 1337 848 1420 quibus
876 1336 1035 1401 adiunctis
1062 1337 1106 1400 in.

87 1424 267 1508 regionem,
289 1444 371 1506 quae
394 1424 576 1506 appellatur
597 1422 747 1507 Bazaira,
769 1425 925 1507 pervenit.

53 1531 77 1595 2
175 1510 340 1575 Barbarae
364 1511 549 1594 opulentiae
571 1511 606 1574 in
630 1512 697 1575 illis
719 1512 801 1575 locis
824 1510 909 1576 haud
932 1512 1000 1576 ulla
1023 1515 1098 1577 sunt
1116 1526 1149 1574 11

88 1599 214 1663 maiora
241 1598 374 1682 indicia,
404 1620 501 1683 quam
527 1599 656 1682 magnis
684 1599 870 1663 nemoribus
895 1600 1097 1682 saltibusque

88 1687 248 1751 nobilium
262 1685 402 1750 ferarum
416 1707 532 1770 greges
547 1686 636 1750 clusi.
659 1685 826 1769 Spatiosas
840 1685 957 1751 adhoc
971 1687 1097 1770 eligunt
1117 1700 1150 1749 12

88 1775 203 1851 silvas,
229 1774 350 1838 crebris
372 1775 561 1858 perennium
584 1794 739 1856 aquarum
761 1774 907 1838 fontibus
932 1795 1097 1838 amoenas:

87 1862 189 1925 muris
216 1882 350 1926 nemora
375 1863 548 1946 cinguntur
574 1865 744 1944 turresque
766 1861 889 1928 habent
909 1862 1097 1927 venantium

87 1949 299 2032 receptacula.
354 1949 513 2025 Quattuor
549 1949 709 2014 continuis
747 1949 908 2013 aetatibus
939 1950 1097 2013 intactum
1117 1962 1150 2011 13

88 2037 210 2102 saltum
236 2036 338 2100 fuisse
366 2037 549 2119 constabat,
583 2058 678 2120 quem
705 2036 889 2101 Alexander
921 2057 994 2100 cum
1026 2039 1098 2100 toto

88 2125 233 2190 exercitu
254 2125 420 2209 ingressus
445 2125 565 2208 agitari
587 2125 728 2208 undique
750 2124 835 2189 feras
858 2125 963 2189 iussit
1008 2124 1098 2189 luter
1118 2138 1151 2187 14

89 2234 171 2297 quas
188 2232 262 2276 oum
280 2213 333 2277 leo
351 2212 583 2296 magnitudinis
605 2235 698 2277 rarae
716 2214 825 2296 ipsum
841 2232 952 2296 regem
971 2212 1098 2277 invasu·

87 2323 144 2366 rus
166 2301 354 2383 incurreret,
376 2301 460 2364 forte
481 2299 702 2383 Lysimachus,
726 2302 781 2385 qui
802 2302 917 2384 postea
938 2301 1099 2384 regnavit,

87 2390 257 2472 proximus
271 2387 464 2471 Alexandro,
482 2389 678 2453 venabulum
696 2389 823 2454 obicere
836 2388 925 2453 ferae
939 2390 1098 2470 coeperat.

88 2477 162 2552 Quo
188 2497 246 2540 rex
272 2477 402 2559 repulso
430 2479 464 2540 et
491 2476 580 2540 abire
606 2477 695 2541 iusso
722 2477 840 2540 adiecit
862 2480 930 2539 tam
954 2497 973 2539 a
995 2479 1098 2555 semet

87 2585 152 2629 uno
173 2584 274 2647 quam
295 2585 317 2628 a
334 2562 526 2648 Lysimacho
548 2565 674 2628 leonem
697 2563 835 2627 interfici
858 2584 962 2647 posse.
1006 2562 1151 2646 Lysi-15

88 2651 224 2717 machus
243 2651 329 2716 enim
353 2651 523 2735 quondam,
547 2673 619 2715 cum
642 2655 814 2715 venaretur
836 2652 871 2714 in
889 2649 993 2733 Syria,
1017 2650 1098 2715 coci·

88 2741 182 2804 derat
209 2739 338 2822 quidem
368 2740 503 2804 eximiae
525 2739 760 2823 magnitudinis
782 2737 887 2802 feram
910 2739 1012 2820 solus,
1044 2738 1099 2802 aad

89 2829 183 2892 laevo
201 2827 336 2891 humero
355 2848 457 2911 usque
475 2827 516 2891 ad
531 2847 610 2892 ossa
626 2827 767 2891 lacerato
784 2827 828 2890 ad
845 2826 997 2891 ultimum
1015 2826 1099 2908 peri·

87 2916 154 2980 culi
177 2919 376 2998 pervenerat
420 2914 458 2978 Id
485 2915 592 2998 ipsum
620 2915 816 2998 exprobrans
840 2915 871 2978 ei
892 2935 950 2978 rex
971 2913 1151 2998 fortius,1o

88 3025 187 3088 quam
209 3005 336 3068 locutus
356 3007 414 3086 est,
436 3003 526 3067 fecitz
548 3024 626 3066 nam
642 3002 747 3067 feram
764 3024 829 3067 non
848 3002 975 3084 excepit
992 3001 1098 3086 modo,

88 3091 145 3156 sed
155 3093 260 3156 etiam
274 3088 338 3156 uno
351 3091 484 3156 vulnere
499 3091 623 3155 occidit.
655 3090 820 3172 Fabulam,
839 3110 920 3173 quae
935 3090 1098 3155 obiectum
1118 3102 1151 3152 1⁷

87 3180 176 3245 leoni
195 3201 216 3244 a
233 3197 311 3262 rege
329 3177 556 3263 Lysimachum
573 3182 694 3243 temere
711 3179 867 3279 vulgavit,
891 3178 931 3242 ab
952 3199 994 3242 eo
1013 3199 1100 3262 casn,

86 3267 689 3440 amtttttttnfttatt
708 3265 1102 3420 &thamath
1118 3277 1152 3326 ¹⁸

88 3443 288 3526 Alexander,
317 3448 427 3508 tamen
455 3444 576 3509 scivere
603 3443 709 3528 gentis
734 3464 814 3507 suae
839 3464 943 3525 more,
973 3463 1015 3505 ne
1043 3445 1101 3506 aut

87 3532 187 3617 pedes
207 3535 377 3597 venaretur
396 3535 455 3599 aut
472 3531 543 3599 sine
562 3531 698 3600 delectis
710 3531 907 3616 pmndxpnm
919 3533 1027 3604 mapa
1039 3524 1126 3580 vm·
