2356 3846
245 155 499 214 maronianum
517 156 733 213 ALEXANDRI
751 158 789 226 V,
808 165 833 212 4.
854 163 879 214 ὅ.
1027 158 1071 223 93

56 302 108 369 Ne
140 302 266 368 aurium
299 303 426 386 quidem
458 324 536 367 usus
566 306 745 386 supererat,
780 301 879 368 silvas
906 305 1070 387 quatiente

57 395 170 477 vento,
201 391 257 475 qui
286 391 551 456 concurrentibus
577 391 676 455 ramis
703 391 857 456 maiorem
885 414 983 476 quarn
1009 413 1070 475 pro

57 478 138 544 flatu
171 501 287 545 sonum
318 478 441 544 edebat.
491 477 635 543 Tandem
668 482 835 562 expectata
866 481 923 544 lux
952 481 1070 564 omnia,
1089 500 1124 550 ao

59 589 142 652 quae
169 568 363 633 terribiliora
384 588 450 632 nox
471 567 606 651 fecerat,
632 566 765 632 minuit:
798 568 960 634 circumiri
982 569 1071 634 breui

58 657 165 740 spatio
196 659 325 739 poterat
355 657 488 740 eluvies,
524 659 557 719 et
590 617 652 720 sibi
683 656 818 739 quisque
850 655 915 721 dux
945 656 1070 722 itineris

10 743 48 808 16
58 748 209 828 coeperat
234 745 311 810 fieri
355 742 509 808 Evadunt
531 764 608 829 ergo
630 744 665 808 in
687 744 810 808 editum
832 749 903 809 vert
904 745 999 810 icem.
1032 766 1070 810 ex
1089 764 1123 814 ιτ

10 849 123 916 quo
141 833 286 898 hostium
304 833 447 898 statione
464 835 638 916 conspecta
656 835 785 897 strenue
804 834 920 898 armati
939 854 959 896 a
975 837 1069 935 tergo

59 942 94 985 se
127 921 304 986 ostendunt
334 921 417 985 nihil
448 922 513 986 tale
540 921 771 1005 metuentibus,
803 941 940 1004 quorum
966 921 1072 1006 pauci,

12 1058 14 1064 ,
58 1011 115 1092 qui
138 1009 292 1095 congredi
314 1010 386 1075 ausi
408 1012 512 1092 erant,
535 1009 620 1073 caesi
643 1012 746 1073 sunt.
768 1008 882 1094 Itaque
904 1009 981 1073 hinc
1003 1030 1070 1073 mo·
1090 1030 1123 1079 aa

58 1097 212 1162 rientium
239 1098 391 1183 gemitus,
422 1097 498 1162 hino
525 1096 567 1161 ad
590 1118 664 1161 suos
686 1097 918 1162 recurrentium
940 1097 1070 1162 misera·

58 1186 134 1250 hilis
161 1185 260 1250 facies
288 1186 433 1270 integros
457 1206 595 1269 quoque,
627 1189 801 1269 antequam
824 1185 996 1251 discrimen
1018 1207 1069 1250 ex·

57 1274 249 1358 perirentur,
270 1275 305 1338 in
327 1273 439 1359 fugam
458 1273 584 1337 avertit.
619 1271 765 1338 Fremitu
780 1273 893 1338 deinde
907 1274 942 1337 in
956 1277 1071 1358 castra,
1089 1294 1123 1343 aa

58 1363 131 1445 quis
159 1360 310 1427 Craterus
335 1361 555 1445 praesidebat,
585 1361 689 1428 inlato
716 1361 757 1426 ad
784 1361 986 1445 occupandas
1015 1383 1070 1426 an·

57 1449 240 1534 gustias,
230 1471 266 1514 m
296 1451 412 1535 quibus
446 1450 549 1534 pridie
578 1449 762 1535 haeserant,
793 1451 885 1515 miles
916 1450 1070 1515 educitur.

59 1535 163 1603 Simul
195 1542 228 1603 et
259 1538 404 1604 Philotas
436 1560 509 1604 cum
536 1536 774 1624 Polyperconte
803 1539 1007 1623 Amyntaque
1038 1541 1071 1602 et
1090 1558 1124 1607 30

59 1623 168 1691 Coeno
201 1626 363 1692 diversum
393 1627 457 1692 iter
487 1625 653 1711 ingredi
644 1648 753 1691 iussus
786 1627 885 1690 alium
914 1631 1071 1691 terrorem

58 1714 172 1779 intulit
193 1714 349 1780 barbaris.
381 1713 532 1799 Undique
554 1733 631 1798 ergo
653 1712 866 1780 Macedonum
890 1716 988 1779 armis
1009 1715 1070 1778 ful·
1089 1734 1122 1784 ει

59 1803 212 1888 gentibus
249 1803 382 1888 ancipiti
417 1804 503 1868 malo
540 1802 686 1886 oppressi
719 1802 927 1868 memorabile
958 1807 1069 1867 tamen

58 1891 218 1974 proelium
247 1892 355 1956 edunt
400 1890 446 1956 Ut
473 1891 599 1974 opinor,
624 1891 788 1977 ignaviam
815 1911 940 1973 quoque
963 1912 1070 1955 neces-

59 1978 140 2044 sitas
167 1980 254 2044 acuit
280 1983 314 2045 et
339 2000 435 2064 saepe
462 1977 643 2062 desperatio
669 1980 737 2063 spei
760 2000 858 2044 causa
880 1983 938 2042 ost.
983 1977 1070 2043 Nudi
1090 1999 1123 2046 ιι

59 2068 346 2152 conplectebantur
382 2071 524 2132 armatos
561 2071 595 2130 et
629 2068 753 2153 ingenti
785 2088 955 2151 corporum
986 2068 1070 2132 mole

59 2175 170 2220 secum
196 2159 317 2220 terram
339 2155 543 2220 detrahentes
565 2156 712 2239 ipsorum
735 2156 807 2220 telis
830 2156 1000 2240 plerosque
1022 2155 1070 2221 fo-

58 2243 201 2308 diebant.
244 2243 479 2309 Ariobarzanes
509 2247 619 2307 tamen
648 2261 694 2310 xa
722 2243 821 2308 ferme
849 2244 1010 2328 equitibus
1038 2248 1071 2307 et
1089 2263 1122 2312 33

59 2349 83 2396 v
106 2331 237 2397 milibus
259 2331 403 2416 peditum
431 2333 570 2415 stipatus
597 2354 654 2414 per
677 2333 815 2396 mediam
841 2333 942 2397 aciem
964 2330 1069 2397 Mace-

59 2419 183 2485 donum
214 2441 286 2485 cum
319 2421 421 2484 multo
454 2440 585 2484 suorum
616 2424 712 2504 atque
743 2419 885 2483 hostium
913 2419 1071 2504 sanguine

58 2509 179 2593 erupit,
215 2507 425 2592 Persepolim,
441 2507 566 2589 urbem,
599 2512 695 2591 caput
726 2508 881 2592 regionis,
914 2527 1070 2590 occupare

58 2595 228 2661 festinans.
272 2593 335 2660 Sed
358 2617 377 2660 a
399 2595 587 2661 custodibus
609 2596 698 2660 urbis
722 2596 867 2660 exclusus
890 2596 1123 2664 consecutione

58 2689 189 2749 strenue
212 2683 360 2748 hostibus
387 2705 460 2748 oum
487 2684 636 2748 omnibus
663 2683 760 2768 fugae
784 2683 955 2748 comitibus
977 2703 1069 2748 reno-

58 2777 134 2837 vato
162 2772 285 2856 proelio
311 2770 434 2839 cecidit
478 2769 628 2836 Craterus
652 2791 778 2855 quoque
800 2771 918 2854 raptim
941 2771 1070 2856 agmine

60 2865 132 2927 acto
157 2860 350 2944 supervenit

494 3016 635 3084 GermV

10 3120 49 3186 l‘l
148 3121 219 3189 Rex
254 3124 366 3189 eodem
402 3125 487 3209 loco,
523 3145 586 3207 quo
622 3124 764 3190 hostium
796 3123 904 3208 copias
935 3121 1104 3207 fuderatr

59 3215 167 3278 cacha
198 3212 384 3277 communit.
439 3210 638 3294 Quamquam
675 3212 760 3276 enim
794 3212 934 3296 undique
965 3211 1070 3296 fugati

59 3301 171 3366 hostes
197 3300 365 3365 victoriam
392 3305 631 3401 concesserant,
659 3303 768 3365 tamen
794 3301 957 3384 praealtae
980 3321 1101 3382 prae·

60 3389 237 3473 cipitesque
273 3387 379 3453 fossae
410 3370 557 3471 pluribus
588 3351 667 3454 lobis
699 3389 842 3453 obiectae
874 3387 1071 3471 abruperant

58 3476 147 3562 iter,
152 3477 335 3561 sensimque
359 3480 392 3541 et
414 3481 506 3542 caute
528 3476 801 3562 progrediundum
822 3476 931 3558 erat,
921 3495 992 3538 ram
1004 3496 1078 3537 non

54 3564 209 3650 hosfium,
241 3565 299 3630 sed
321 3564 473 3633 locorum
494 3565 613 3634 fraude
634 3568 803 3652 suspectuu
837 3556 1088 3626 hocsem
1068 3571 1146 3611 m
