2370 3834
258 166 514 222 maroamauu
532 167 749 223 scamnum
767 168 819 238 w,
838 176 863 224 a.
1023 167 1066 231 47

53 333 128 376 cum
157 311 243 375 idem
272 311 464 395 recipiendis
492 312 547 397 qui
575 311 783 378 admovendis
811 312 953 378 turribus
976 313 1069 378 labor

54 421 110 464 eos
138 398 300 484 fatigaret.
344 398 433 485 Ergo
463 401 607 485 receptui
634 401 728 486 signo
756 401 831 465 dato
859 404 989 485 postero
1018 401 1123 471 dioro

52 509 165 552 muros
193 508 313 552 corona
339 488 530 553 circumdari
553 489 657 554 iussit.
702 487 844 573 Ortoque
867 491 943 573 sole,
965 489 1069 573 prius·

56 597 154 660 quam
177 576 363 641 admoveret
380 578 568 660 exercitum,
591 598 685 661 opem
703 577 797 642 deum
821 599 995 660 exposcens
1019 599 1069 642 sa-

55 685 145 729 crum
167 665 273 747 patrio
292 685 381 728 more
399 664 547 729 faciebat.
583 664 679 730 Forte
697 667 939 750 praetervolans
953 687 1069 731 corvus
1089 687 1122 735 11

55 752 199 837 glebam,
221 774 320 837 quam
346 753 509 837 unguibus
531 753 670 838 ferebat,
695 753 802 818 subito
826 755 950 819 amisit:
988 775 1069 838 quae

55 861 129 904 curn
164 841 251 924 regis
288 841 387 924 capiti
419 841 599 919 incidisset,
638 843 781 906 resoluta
812 841 959 925 defluxit,
998 842 1071 925 ipsa

55 939 164 992 autem
196 929 265 994 avis
297 929 332 993 in
364 930 511 1013 proxima
541 933 631 995 turre
662 930 817 995 consedit.
869 929 969 994 Inlita
1000 934 1071 995 erat

55 1017 155 1081 turris
182 1017 340 1081 bitumine
363 1039 400 1082 ac
423 1018 591 1102 sulphure,
621 1019 657 1082 in
684 1041 747 1102 qua
775 1018 834 1082 alis
862 1018 1070 1082 haerentibus

56 1105 179 1169 frustra
202 1128 236 1170 se
260 1105 406 1170 adleuare
430 1109 565 1171 conatus
588 1129 608 1170 a
629 1106 912 1172 circumstantibus
936 1105 1071 1189 capitur.

55 1191 166 1277 Digna
188 1215 239 1259 res
262 1194 344 1277 visa,
374 1194 413 1258 de
436 1215 500 1278 qua
522 1199 611 1260 vates
635 1196 829 1278 consuleret,
852 1198 889 1259 ut
911 1197 981 1258 eret
1002 1215 1070 1258 non
1090 1213 1124 1262 12

56 1281 198 1345 intactae
220 1304 241 1346 a
263 1282 491 1366 superstitione
513 1283 641 1347 mentis.
682 1281 772 1368 Ergo
796 1282 996 1366 Aristander,
1019 1283 1071 1346 cui

56 1369 197 1434 maxima
223 1369 303 1435 fides
329 1370 523 1435 habebatur:
555 1371 645 1436 urbis
674 1371 802 1454 quidem
829 1370 988 1436 excidium
1016 1392 1071 1434 au·

56 1458 149 1542 gurio
177 1459 233 1522 illo
265 1458 429 1541 portendi,
461 1461 600 1524 ceterum
631 1460 809 1542 periculum
837 1480 919 1542 esse,
950 1480 991 1523 ne
1015 1480 1071 1522 rex

55 1547 173 1611 vulnus
201 1547 368 1628 acciperet.
413 1544 526 1630 Itaque
553 1547 693 1630 monuit,
722 1569 763 1611 ne
787 1547 862 1631 quid
886 1567 924 1611 ec
948 1547 999 1610 die
1021 1546 1070 1608 in-

56 1635 186 1716 ciperet.
217 1633 286 1718 Ille,
309 1656 502 1718 quamquam
524 1656 624 1699 unam
646 1634 759 1698 urbem
783 1634 853 1715 sibi,
876 1656 939 1717 quo
963 1635 1070 1698 minus
1091 1652 1124 1703 13

56 1743 187 1786 securus
226 1721 412 1806 Aegyptum
447 1723 597 1801 intraret,
638 1721 767 1787 obstare
806 1741 901 1806 aegre
936 1722 1071 1805 ferebat,

10 1809 167 1875 tltamen
202 1812 310 1893 paruit
340 1810 408 1874 vati
440 1811 632 1895 signumque
663 1809 806 1892 receptui
839 1809 936 1874 dedit.
984 1809 1071 1873 Hinc

58 1898 187 1963 animus
215 1899 315 1963 crevit
342 1898 494 1981 obsessis,
521 1899 704 1983 egressique
731 1901 827 1982 porta
847 1897 1072 1962 recedentibus
1144 1898 1145 1902 ’

56 1986 204 2050 inferunt
236 1987 330 2070 signa
360 1987 599 2051 cunctationem
627 1986 770 2051 hostium
797 2008 889 2050 suam
918 1985 988 2050 fore
1020 2006 1071 2049 oc·

57 2074 221 2139 casionem
243 2075 315 2138 rati.
351 2072 415 2138 Sed
437 2074 542 2139 acrius
570 2097 667 2158 quam
691 2075 893 2139 constantius
913 2074 1072 2157 proelium
1092 2094 1126 2142 14

56 2162 213 2227 inierunt:
250 2163 368 2245 quippe
399 2165 436 2225 ut
461 2161 675 2227 Macedonum
702 2163 797 2247 signa
824 2162 999 2247 circumagi
1025 2162 1071 2226 vi·

58 2251 146 2333 dere,
187 2253 319 2332 repente
354 2250 475 2314 sistunt
515 2251 659 2334 gradum.
712 2250 845 2333 Iamque
886 2249 926 2313 ad
962 2270 1072 2334 regem

56 2338 285 2422 proeliantium
313 2338 434 2403 clamor
456 2342 657 2421 pervenerat,
688 2360 761 2403 cum
784 2338 967 2402 denuntiati
989 2338 1071 2421 peri·

56 2427 122 2491 culi
144 2426 230 2491 haud
254 2448 331 2490 sane
354 2447 477 2490 memor
503 2462 541 2472 —
565 2426 698 2491 loricam
720 2430 844 2509 tamen,
877 2447 975 2509 quam
997 2446 1071 2489 raro

61 2514 225 2598 induebat,
249 2514 359 2579 amicis
382 2514 550 2579 orantibus
573 2514 711 2598 sumpsit
731 2514 827 2578 -ad
848 2515 955 2596 prima
977 2513 1072 2597 signa

56 2603 214 2686 pervenit.
261 2602 331 2678 Quo
355 2606 526 2686 conspecto
549 2602 656 2667 Arabs
679 2602 822 2685 quidam,
848 2600 947 2666 Darei
969 2601 1071 2684 miles,
1092 2619 1125 2670 15

57 2692 162 2756 maius
179 2691 312 2755 fortuna
330 2712 390 2754 sua
406 2690 531 2754 facinus
547 2712 652 2773 ausus,
675 2689 818 2773 gladium
833 2690 934 2773 clipeo
948 2692 1072 2774 tegens,

57 2779 152 2863 quasi
166 2779 349 2864 ’transfuga
375 2778 512 2863 genibus
538 2778 624 2862 regis
648 2778 837 2843 advolvitur.
878 2777 937 2842 Ille
960 2777 1071 2841 adsur-

58 2888 134 2954 gere
166 2869 344 2951 supplicem
375 2866 537 2951 recipique
568 2867 654 2930 inter
681 2887 757 2931 suos
784 2865 887 2930 iussit.
931 2865 978 2930 At
999 2866 1071 2931 bar·
1092 2885 1126 2935 ro

56 2956 155 3021 barus
187 2956 294 3041 gladio
327 2959 456 3020 strenue
487 2956 522 3019 in
554 2955 698 3019 dextram
729 2955 889 3019 translato
916 2954 1072 3019 cervicem

57 3044 193 3128 adpetiit
215 3045 314 3129 regis:
338 3044 392 3127 qui
415 3044 532 3129 exigua
553 3043 696 3126 eorporis
717 3043 932 3107 declinatione
951 3042 1071 3107 evitato

56 3135 125 3198 ictu
147 3134 182 3197 in
202 3154 323 3197 vanum
340 3154 472 3197 manum
489 3132 620 3197 barbari
636 3132 760 3214 lapsam
784 3134 932 3215 amputat
955 3130 1073 3215 gladio,

56 3222 249 3286 denuntiato
271 3221 307 3285 in
328 3219 420 3286 illum
437 3221 520 3285 diem
534 3221 686 3305 periculo,
707 3224 745 3284 ut
758 3219 978 3285 arbitrabatur
991 3219 1071 3297 ipse,

57 3310 237 3375 defunctus.
296 3306 373 3392 Sed,
408 3312 446 3374 ut
481 3313 610 3393 opinor,
646 3308 830 3373 inevitabile
866 3311 916 3373 est
951 3308 983 3372 fc

58 3399 177 3482 quippe
198 3399 276 3463 dum
298 3397 384 3461 inter
406 3397 563 3481 primores
584 3396 766 3481 promptius
785 3395 926 3479 dimicat,

55 3489 141 3551 ictus
165 3491 227 3571 est,
255 3507 352 3570 quam
374 3506 432 3570 per
452 3486 585 3549 loricam
608 3485 769 3567 adactam,
792 3483 960 3548 stantem

55 3597 147 3640 mero
170 3575 312 3641 medicus
336 3574 405 3640 eius
427 3572 602 3662 Philippus
625 3573 750 3641 euellit.
775 3571 961 3637 illudimus
