2356 3846
225 163 478 251 msroanaun
495 163 710 221 naumann
727 164 779 235 ru,
799 170 840 220 ιο.
861 171 901 222 11.
1027 162 1069 228 21

56 309 155 379 armis
188 330 278 374 arma
308 311 487 393 pulsarent,
522 330 691 375 mucrones
726 310 762 373 in
797 330 854 374 ora
886 309 1071 394 dirigerent.

55 395 136 462 Non
164 397 292 481 timido,
322 417 391 462 non
417 397 536 483 ignavo
564 419 688 462 cessare
716 402 786 462 tum
812 398 915 462 licuit:
953 399 1070 463 collato
1138 408 1142 417 '

55 485 155 570 pede,
177 486 270 569 quasi
293 485 413 570 singuli
435 485 521 550 inter
542 507 577 550 se
600 485 801 569 dimicarent,
825 487 860 549 in
883 486 995 551 eodem
1017 506 1071 550 ve·

57 574 156 658 stigio
190 573 335 657 stabant,
366 573 468 638 donec
498 573 654 639 vincendo
686 573 792 638 locum
825 575 887 639 sibi
918 574 1071 639 facerent

57 660 141 726 Tum
165 661 293 726 demum
316 681 393 746 ergo
415 662 650 746 promovebant
672 661 821 746 gradum,
849 683 922 727 cum
943 662 1070 727 hostem
1089 673 1105 723 6

56 752 308 833 prostraverant.
352 749 399 813 At
428 750 502 815 illos
531 771 635 815 novus
663 749 841 834 excipiebat
868 751 1070 815 adversarius

56 838 227 923 fatigatos,
249 857 309 903 nec
331 838 503 921 vulnerati,
525 842 563 903 ut
585 839 664 903 alias
688 839 809 920 solent,
830 839 897 902 acie
920 842 1070 921 poterant

57 925 223 1010 excedere,
253 947 327 990 cum
357 925 461 991 hostis
488 927 626 991 instaret
652 949 672 991 a
701 926 822 1011 fronte,
853 948 873 989 a
899 929 991 1011 tergo
1021 927 1070 989 sui

29 1014 221 1099 tergerent.
265 1013 449 1079 Alexander
477 1035 545 1080 non
575 1014 665 1079 ducis
694 1015 798 1098 magis
831 1035 927 1098 quam
957 1013 1103 1078 militiai

57 1101 170 1166 munia
201 1102 429 1186 exequebatur,
463 1102 605 1186 opimum
632 1103 727 1167 decus
755 1122 849 1167 caeso
875 1122 950 1186 rege
978 1121 1070 1184 expe-

57 1193 147 1254 tens:
180 1189 298 1273 quippe
320 1188 445 1254 Dareus
468 1212 563 1255 curru
586 1190 733 1255 sublimis
756 1190 925 1272 eminebat,
948 1193 980 1253 et
1004 1190 1070 1253 suis

58 1277 100 1341 ad
123 1298 157 1342 se
180 1277 335 1342 tuendum
354 1281 387 1341 et
403 1278 612 1344 hostibusad
634 1278 860 1343 incessendum
882 1278 998 1362 ingens
1021 1278 1067 1341 in-

58 1365 278 1430 citamentum.
319 1365 409 1451 Ergo
432 1367 532 1430 frater
554 1366 622 1431 eius
646 1365 814 1450 Oxathres,
836 1388 909 1432 cum
931 1366 1069 1430 Alexan·
1088 1380 1105 1431 8

59 1454 152 1517 drum
188 1454 311 1519 instare
343 1455 373 1518 ei
404 1457 560 1538 cerneret,
596 1456 732 1539 equites,
769 1454 884 1539 quibus
915 1458 1071 1538 praeerat,

60 1545 135 1606 ante
166 1542 273 1624 ipsum
305 1563 432 1606 currum
463 1542 549 1627 regis
577 1543 703 1608 obiecit.
756 1542 866 1614 Armis
896 1546 928 1607 et
954 1543 1070 1607 robore

60 1630 205 1712 corporis
234 1631 372 1694 multum
398 1640 495 1713 super
522 1633 644 1696 ceteros
672 1631 830 1714 eminens,
862 1631 971 1695 animo
994 1652 1070 1695 vero

60 1721 93 1781 et
115 1717 236 1801 pietate
258 1718 293 1780 in
315 1718 427 1800 paucis
449 1717 602 1802 insignis,
632 1718 688 1782 illo
717 1719 829 1802 utique
855 1719 977 1801 proelio
1008 1718 1071 1782 cla-

59 1826 125 1888 rus,
147 1805 227 1870 alios
249 1803 416 1888 inprovide
434 1805 594 1871 instantes
607 1807 792 1890 prostravit,
815 1806 896 1870 alios
910 1807 945 1870 in
958 1806 1071 1890 fugam

65 1890 190 1957 avertit‘.
230 1890 276 1956 At
297 1892 499 1978 Macedones,
521 1895 576 1975 qai
598 1895 682 1959 circa
704 1914 813 1978 regem
836 1898 936 1978 erant,
959 1898 1071 1958 mutua
1090 1909 1106 1958 9

60 1980 285 2045 adhortatione
312 1981 432 2046 firmati
458 2003 531 2046 cum
558 1983 630 2064 ipso
657 1983 692 2045 in
717 1983 861 2066 equitum
884 2002 1001 2066 agmen
1023 1983 1071 2045 in·

59 2071 223 2150 rumpunt.
260 2068 343 2133 Tum
365 2091 441 2135 vero
461 2069 573 2133 similis
592 2071 705 2135 ruinae
726 2072 850 2153 strages
869 2074 946 2134 erat.
979 2067 1072 2134 Circa

60 2177 190 2221 currum
212 2155 310 2220 Darei
336 2157 485 2221 iacebant
505 2158 698 2222 nobilissimi
721 2157 830 2241 duces,
861 2160 937 2222 ante
960 2159 1071 2224 oculos
1119 2172 1126 2185 ·

58 2245 146 2328 regis
184 2245 314 2328 egregia
344 2248 448 2309 morte
480 2245 637 2330 defuncti,
673 2266 784 2310 omnes
814 2246 848 2309 in
880 2267 937 2310 ora
968 2246 1072 2329 proni,

60 2332 145 2396 sicut
167 2331 356 2396 dimicantes
378 2333 629 2416 procubuerant,
650 2333 785 2398 adverso
808 2354 940 2417 corpore
963 2335 1091 2420 vulne·⁸

59 2420 151 2484 ribus
178 2419 326 2502 acceptis.
370 2419 460 2484 Inter
486 2421 547 2486 hos
568 2421 700 2505 Atizyes
728 2425 762 2486 et
782 2419 1010 2486 Rheomithres
1039 2426 1125 2487 et10

60 2505 210 2590 Sabaces,
231 2511 361 2590 praetor
373 2508 528 2594 Aegypti,
549 2531 742 2594 magnorum
765 2509 960 2574 exercituum
980 2530 1071 2591 prae-

58 2594 147 2677 fecti,
169 2595 427 2660 noscimbantur:
450 2598 535 2662 circa
558 2618 612 2661 eos
635 2598 797 2661 cumulata
820 2600 912 2661 erant
928 2595 1072 2681 peditum

59 2684 269 2767 equitumque
292 2684 458 2749 obscurior
479 2684 583 2748 turba.
619 2684 832 2749 Macedonum
855 2705 982 2769 quoque
1004 2706 1072 2749 non

59 2770 190 2855 quidem
225 2771 332 2854 multi,
369 2773 424 2835 sed
460 2772 693 2856 promptissimi
722 2776 834 2837 tamen
865 2773 949 2837 caesi
981 2777 1071 2838 sunt:

58 2858 147 2924 inter
174 2880 255 2942 quos
276 2858 451 2925 Alexandri
478 2859 625 2925 dextrum
653 2859 758 2924 femur
783 2859 897 2924 leviter
918 2881 1071 2925 mucrone

58 2947 266 3031 perstrictum
295 2951 353 3012 est.
397 2947 530 3032 Iamque
556 2949 611 3032 qui
633 2946 775 3012 Dareum
801 2947 963 3013 vehebant
990 2949 1072 3033 equi,
1091 2964 1123 3013 11

60 3033 204 3100 confossi
239 3034 344 3099 hastis
376 3040 408 3099 et
439 3035 549 3102 dolore
581 3036 704 3102 efferati
734 3036 847 3122 iugum
879 3040 1010 3121 quatere
1039 3042 1073 3102 et

58 3142 171 3206 regem
198 3144 293 3188 curru
316 3126 461 3188 excutere
484 3129 668 3208 coeperant:
699 3145 772 3189 cum
795 3124 849 3188 ille
872 3125 1008 3209 veritus,
1030 3147 1071 3190 ne

59 3211 153 3275 vivus
179 3211 313 3275 veniret
345 3212 379 3276 in
410 3211 553 3277 hostium
583 3215 788 3296 potestatem,
824 3211 932 3277 desilit
968 3215 1002 3276 et
1036 3213 1071 3276 in

61 3319 193 3382 equum,
221 3298 276 3382 qui
303 3299 344 3363 ad
371 3300 433 3364 hcc
459 3300 567 3382 ipsum
594 3301 799 3384 sequebatur,
828 3300 997 3383 inponitur
1023 3301 1071 3364 in·

60 3385 210 3470 signibus
232 3407 358 3470 quoque
376 3387 512 3471 imperii,
533 3408 574 3452 ne
592 3387 702 3472 fugam
719 3388 901 3473 proderent,
923 3389 1072 3453 indecore

60 3472 205 3539 abiectis.
249 3471 332 3538 Tum
363 3496 440 3540 vero
472 3476 570 3539 ceteri
596 3475 793 3559 dissipantur
819 3480 907 3540 metu
934 3478 980 3557 et,
1009 3497 1072 3556 qua
1091 3492 1127 3540 ra

60 3563 175 3644 cuique
197 3560 238 3625 ad
260 3562 372 3648 fugam
389 3564 526 3648 patebat
537 3564 605 3652 via,
625 3568 807 3650 erumpunt
816 3562 1108 3630 armassem,
