2356 3846
130 160 198 225 224
503 160 536 225 Q.
556 159 668 216 ouum
684 159 771 216 uum
854 239 864 251 ι

131 303 1139 476 tlltttllltttdttttllttttpttttd

132 483 192 546 bus
219 442 376 545 membris
399 480 592 566 omissisque
615 480 713 546 ermis
736 480 790 545 vix
812 482 998 565 oompotem
1019 482 1140 547 mentis

79 574 114 624 34
133 568 215 634 Tum
242 568 373 633 beluam
400 570 435 633 in
456 568 569 652 fugam
597 569 741 634 oonoitet
767 571 921 653 sequente
942 567 1141 636 Alexandror

133 658 189 723 sed
217 678 317 741 equus
346 656 413 722 eius
441 657 553 722 multis
576 657 763 722 vulneribus
784 655 956 723 confossus
984 657 1141 725 deficiens

133 766 194 830 que
220 745 405 830 procubuit,
431 745 540 830 posite
567 746 673 830 magis
700 764 778 828 rege
801 766 902 830 quam
925 744 1040 813 effuso.
1084 745 1142 813 lte·

81 838 116 887 35
134 855 207 918 que,
225 833 301 899 dum
321 855 439 918 equum
456 837 574 916 mutet,
590 833 714 900 tardius
731 833 896 900 insecutus
914 837 974 900 est.
1009 832 1143 901 Interim

134 923 235 988 frater
250 921 384 1005 Taxilis,
401 922 489 1007 regis
507 921 673 1005 Indorum,
690 922 889 1007 praemissus
903 921 946 989 ab
959 921 1142 991 Alexandro

134 1032 264 1077 monere
287 1010 394 1095 eoepit
416 1008 547 1094 Porum,
567 1031 608 1075 ne
631 1010 746 1076 ultima
769 1009 908 1093 experiri
924 1015 1143 1094 perseveraret

80 1103 114 1152 36
134 1099 327 1182 dederetque
355 1118 389 1163 re
416 1097 542 1164 victori.
586 1096 633 1164 At
654 1098 724 1180 ille,
752 1118 948 1182 quemquem
970 1099 1143 1167 exhaustae

134 1191 226 1253 erant
257 1187 342 1252 vires
374 1185 604 1270 deficiebatque
638 1186 785 1271 sanguis,
817 1188 929 1253 tamen
961 1187 1005 1253 ad
1037 1193 1142 1256 notam

134 1274 441 1377 iocernexoitotus,
464 1272 817 1390 ‘Adgnosao’piqrquit
839 1273 975 1341 ‘Taxilis
1002 1275 1142 1361 fratrem,

11 1452 13 1460 J
64 1469 68 1475 ·
133 1381 510 1535 tttlttttttt}
528 1361 703 1516 iiiiii&
720 1363 986 1536 stillat
987 1364 1095 1538 ⁰130?
1083 1386 1141 1521 lt

81 1545 115 1595 3⁷
133 1537 223 1604 dium
250 1541 362 1623 peetus
389 1540 574 1622 penetravit
600 1539 641 1604 ad
667 1542 804 1624 tergum.
848 1537 922 1605 Hoo
943 1541 1065 1625 edtimo
1086 1543 1139 1607 rit·

133 1628 215 1692 tutis
239 1647 335 1711 opere
358 1627 444 1693 edito
467 1627 580 1713 iugera
602 1627 707 1692 serius
730 1627 852 1712 eoepit,
873 1627 930 1694 sed
953 1629 1138 1714 elephautm

134 1736 274 1800 quoque,
303 1715 357 1799 qui
379 1716 484 1781 mults
506 1720 676 1799 exceperat
698 1716 777 1799 tela,
807 1715 987 1784 deficiebat
1033 1718 1139 1805 Itaque

80 1819 114 1869 38
135 1804 223 1869 sistit
249 1803 362 1888 fugam
388 1803 593 1888 peditemque
620 1804 766 1889 sequenti
792 1804 882 1870 hosti
908 1805 1038 1874 obieeit
1078 1807 1138 1873 Iam

133 1892 317 1957 Alexander
340 1895 530 1958 oonseautus
557 1896 629 1958 erat
657 1897 691 1958 et
715 1893 894 1976 pertinaoie
915 1892 993 1960 Pori
1016 1896 1139 1982 oognits

134 1981 267 2046 vetabat
294 1980 519 2046 resistentibus
542 1981 641 2064 parai.
689 1979 779 2065 Ergo
807 1981 948 2066 undique
975 1986 1011 2049 et
1037 1985 1073 2050 in
1094 2004 1138 2069 pe

134 2068 217 2134 dites
252 2070 285 2132 et
315 2069 351 2133 in
376 2069 483 2152 ipsum
514 2067 635 2134 Porum
665 2068 733 2133 tela
765 2074 921 2153 congesta
953 2075 1044 2156 sunt,
1076 2071 1138 2157 quis

81 2173 114 2223 39
133 2156 264 2221 tandem
286 2160 440 2240 gravatus
458 2156 526 2221 labi
545 2179 584 2222 ex
603 2157 700 2221 belua
717 2158 831 2242 eoepit
865 2157 979 2243 Indus,
1006 2161 1064 2245 qui
1087 2160 1138 2226 ele

133 2244 293 2328 phantum
320 2244 466 2328 regebat,
495 2244 687 2310 descendere
715 2265 788 2310 eum
815 2249 905 2312 ratus
933 2267 1026 2314 mors
1049 2249 1137 2316 solito

134 2331 343 2416 elephantum
356 2333 565 2416 procumbere
582 2333 678 2399 iussit
695 2333 732 2398 in
748 2352 868 2417 genua:
886 2335 944 2418 qui
961 2338 1001 2401 ut
1019 2358 1055 2403 se
1073 2336 1136 2404 sub

133 2421 237 2505 misit,
269 2422 366 2486 ueteri
394 2442 521 2505 quoque
551 2457 589 2468 -
619 2421 667 2486 ita
694 2420 781 2486 enim
809 2422 954 2488 instituti
980 2430 1077 2493 erant
1103 2458 1137 2473 -

133 2509 289 2575 demisere
321 2531 457 2594 corpora
488 2510 523 2574 in
554 2512 684 2575 terram.
732 2508 782 2575 Ea
814 2531 866 2576 res
898 2514 933 2575 et
958 2511 1083 2581 Porum
1112 2516 1137 2579 et

80 2615 115 2664 40
134 2602 255 2664 eeteros
280 2598 457 2664 viatoribus
481 2598 623 2663 tradidit.
667 2596 737 2662 Rex
760 2598 896 2682 spoliari
917 2620 1035 2685 eorpus
1059 2602 1137 2685 Pori,

132 2687 362 2770 interemptum
390 2707 460 2751 esse
487 2686 632 2769 eredens,
663 2685 753 2751 iubet
779 2689 826 2766 et,
853 2687 910 2771 qui
936 2686 1138 2757 detraherent

133 2774 266 2840 lorioam
294 2778 495 2857 vestemque,
521 2794 723 2840 concurrere:
753 2794 826 2839 oum
854 2774 950 2841 belua
976 2776 1137 2846 dominum

133 2863 217 2926 tueri
240 2865 272 2927 et
295 2862 471 2946 spoliantes
494 2862 601 2946 eoepit
623 2862 775 2946 adpetere
797 2863 1004 2949 levatumque
1026 2887 1136 2953 eorpus

133 2949 202 3014 eius
228 2971 340 3015 rursus
367 2948 463 3014 dorso
491 2969 549 3014 suo
576 2950 738 3034 inponere.
787 2950 878 3036 Ergo
900 2952 975 3018 telis
1003 2955 1137 3041 undique

134 3035 282 3102 obruitur
304 3037 517 3122 confossoque
536 3059 573 3103 eo
595 3039 631 3103 in
647 3038 831 3105 vehiculum
848 3037 950 3107 Porus
968 3041 1138 3127 inponitur.

1142 2593 1155 2660 2,-

80 3141 114 3190 41
135 3123 236 3200 Quem
264 3146 319 3189 rex
341 3128 379 3190 ut
400 3124 482 3191 vidit
505 3125 709 3192 adlevantem
735 3127 862 3210 oeulos,
887 3149 954 3194 non
975 3131 1068 3218 odio,
1089 3130 1138 3199 sed

134 3212 342 3279 miseratione
365 3219 559 3299 commotus,
583 3213 697 3299 ‘Quae,
720 3214 862 3301 malum'‚
884 3216 1006 3304 inquit,
1023 3217 1138 3287 ‘ameu-

133 3301 182 3367 tia
208 3305 241 3366 te
269 3302 376 3386 coegit
403 3324 510 3369 rerum
533 3324 679 3370 mearum
702 3304 832 3390 cognita
854 3304 942 3372 fame
971 3306 1053 3375 belli
1080 3310 1138 3377 for

133 3395 245 3456 tunam
269 3391 421 3474 experiri,
444 3413 516 3457 oum
539 3391 662 3458 Taxilis
684 3396 771 3458 esset
797 3392 833 3458 in
855 3392 982 3462 deditos
1005 3396 1139 3465 elemen-

67 3496 107 3545 42
125 3479 193 3546 tiae
214 3501 310 3548 meae
333 3483 402 3546 tam
426 3481 643 3568 propinquum
663 3481 726 3546 tibi
749 3481 968 3564 exemplumi’
1014 3484 1063 3552 At
1080 3487 1140 3569 ille,

115 3566 299 3650 ‘Quoniam
307 3570 328 3663 ',
355 3572 483 3661 inquit,
509 3568 751 3659 ‘percontaris
770 3567 975 3649 respondeus
994 3591 1038 3635 ee.
1048 3574 1141 3637 uuae
