2356 3846
101 165 144 230 98
478 164 510 230 Q.
528 164 639 222 cuam
657 158 744 222 aum

101 311 207 375 cultus
233 309 371 394 veitigio
399 309 531 374 attoniti
552 310 763 375 intuebantur
784 312 830 393 et,
863 314 1039 396 antequam
1059 310 1118 376 lux

102 418 227 482 quoque
260 401 293 462 et
323 398 445 462 caelum
476 398 565 481 ipsos
593 397 777 482 deficerent,
807 398 926 463 reverti
952 398 1118 464 iubebant.

47 508 84 556 14
100 485 171 550 Rex
200 486 358 570 castigarc
384 485 515 551 territos
543 486 733 570 supersedit:
770 489 912 551 cetarum
939 487 1009 570 ipse
1031 502 1118 571 equo

101 573 231 638 desiluit
259 574 418 658 pedesque
445 596 503 658 per
527 575 618 639 nives
643 579 679 638 ct
701 577 884 639 concretam
906 575 1045 659 glaciem
1066 574 1119 638 in·

102 661 193 746 gredi
224 662 338 747 coepit.
383 661 592 727 Erubuerunt
621 676 689 726 non
722 662 813 746 sequi
844 663 984 745 primum
1012 663 1119 747 amici,

102 748 215 814 deiude
239 750 403 833 copiarum
422 749 527 834 duces,
550 749 591 814 ad
608 751 758 814 ultimum
776 750 906 815 milites:
929 750 1119 834 primusque

101 858 158 901 rex
179 837 313 902 dolabra
333 838 472 922 glaciem
493 838 696 922 perfringens
719 838 781 902 iter
801 838 865 901 sibi
889 837 978 920 fecit,
1012 856 1118 902 axem·

49 946 83 996 15
102 925 190 1008 plum
219 927 304 1010 regis
328 925 424 989 ceteri
444 925 565 990 imitati
587 930 671 990 eunt.
716 925 860 989 Tandem
881 925 1119 1009 propemodum

102 1013 208 1077 invias
240 1014 336 1077 silvas
369 1015 490 1078 emensi
521 1013 655 1078 humani
684 1014 789 1078 cultus
817 1034 891 1078 rara
917 1013 1059 1098 vestigia
1086 1018 1120 1078 et

101 1101 222 1184 passim
245 1104 390 1165 errantes
408 1122 560 1184 pecorum
578 1121 693 1186 greges
711 1121 888 1185 repperere.
918 1101 964 1164 At
980 1102 1120 1184 incolae,

103 1189 158 1273 qui
182 1190 303 1271 sparsis
325 1189 465 1273 tuguriis
488 1189 691 1272 babitabant,
713 1210 785 1253 cum
809 1210 843 1253 ae
866 1188 1000 1253 callibus
1019 1189 1119 1254 inviis

103 1279 232 1359 saeptos
249 1296 320 1341 esse
335 1276 552 1360 credidissent,
574 1284 612 1341 ut
625 1296 818 1360 conspexere
832 1276 975 1340 hostium
989 1297 1120 1361 agmen,

101 1364 290 1448 interfectis,
313 1365 368 1448 qui
390 1365 538 1430 comitari
558 1364 720 1449 tugientes
738 1385 806 1430 non
823 1367 983 1448 poterant,
1005 1364 1120 1429 devios

51 1473 84 1522 16
103 1455 229 1517 montes
253 1455 286 1516 et
307 1452 435 1517 uiribus
459 1453 581 1517 obsitos
603 1453 795 1536 petiverunt.
837 1451 916 1516 Inde
938 1470 998 1534 per
1019 1453 1119 1517 collo·

103 1539 179 1623 quia
208 1540 409 1622 captivorum
440 1541 597 1624 paulatim
626 1540 754 1604 feritate
781 1541 931 1624 mitigata
956 1539 1120 1604 tradidere

104 1648 137 1692 se
159 1628 238 1712 regi.
282 1626 351 1692 Nec
372 1629 407 1692 in
429 1628 555 1693 deditos
574 1628 707 1780 gravius
730 1628 920 1692 consultum.

51 1736 83 1784 17
191 1714 337 1780 Vastatis
364 1715 438 1780 inde
466 1717 552 1802 agris
602 1715 714 1780 ersidis
741 1716 883 1800 vicisque
907 1715 1119 1798 conpluribus

102 1802 240 1868 redactis
259 1804 293 1868 in
311 1806 508 1888 potestatem
525 1807 657 1868 ventum
674 1803 770 1868 estin
783 1802 970 1867 Mardorum
985 1806 1119 1886 gentem

102 1891 289 1956 bellicosam
312 1895 345 1956 et
367 1892 505 1956 multum
534 1911 554 1955 a
576 1892 689 1956 ceteris
711 1891 818 1955 Persis
842 1891 929 1955 cultu
952 1890 1038 1955 ritae
1062 1891 1117 1954 ab·-

102 1977 297 2044 horrentem.
343 1976 462 2062 Specus
489 1980 524 2043 in
547 1978 711 2043 montibus
736 1978 878 2060 fodiunt,
904 1979 940 2041 in
963 1997 1046 2061 quos
1069 2000 1118 2043 ce·

104 2087 166 2150 que
198 2088 236 2130 ac
267 2068 421 2151 conjuges
452 2071 485 2130 et
515 2066 635 2132 liberos
667 2058 819 2131 condunt.
871 2064 1028 2130 Pecorum
1061 2070 1120 2131 aut

52 2176 85 2224 18
103 2152 243 2217 ferarum
266 2175 363 2218 carne
385 2158 565 2219 vescuntur.
602 2152 653 2218 Ne
674 2154 804 2218 feminis
827 2153 955 2237 quidem
977 2175 1037 2237 pro
1060 2174 1119 2218 na-

103 2244 195 2305 turae
221 2241 335 2306 habitu
357 2242 505 2307 molliora
524 2242 657 2327 ingenia
679 2244 767 2306 sunt:
797 2262 908 2306 comae
930 2242 1120 2324 prominent

52 2351 85 2399 19
104 2328 221 2412 hirtae,
250 2329 349 2393 vestis
377 2351 473 2413 super
495 2350 600 2414 genua
623 2332 680 2394 est.
724 2328 840 2392 Funda
861 2329 1008 2393 vinciunt
1029 2332 1119 2395 fron-

103 2420 183 2481 tem:
214 2417 277 2482 hoc
306 2421 338 2480 et
367 2421 591 2481 ornamentum
621 2416 735 2500 capitis
765 2418 797 2480 et
823 2418 923 2480 telum
951 2420 1008 2481 est
1055 2415 1120 2483 Sed

104 2504 188 2569 hanc
219 2526 346 2589 quoque
376 2508 506 2590 gentem
534 2505 620 2569 idam
641 2505 795 2570 fortunae
822 2504 960 2588 impetus
984 2503 1121 2570 domuit.

52 2613 87 2662 ao
104 2591 217 2676 Itaque
242 2593 406 2658 tricesimo
432 2593 497 2674 die,
528 2595 699 2677 postquam
727 2614 747 2656 a
768 2590 932 2675 Persepoli
953 2593 1120 2675 profectus

105 2684 183 2763 erat,
206 2680 317 2745 eodem
340 2680 442 2745 rediit.
479 2680 574 2746 Dona
596 2680 710 2745 deinde
734 2679 844 2744 amicis
863 2680 1039 2763 ceterisque
1058 2702 1120 2763 pro

105 2767 258 2852 cuiusque
280 2769 396 2834 marito
415 2768 513 2832 dedit:
536 2769 768 2852 propemodum
786 2768 903 2851 omnia,
925 2788 1008 2851 quae
1024 2768 1060 2832 in
1079 2789 1121 2833 ea

105 2855 183 2918 urbe
206 2860 347 2941 ceperat,
370 2857 550 2921 distributa.

526 3009 605 3076 Gir.
627 3010 701 3077 VII.

69 3137 86 3186 1
194 3112 343 3181 Ceterum
364 3117 510 3202 ingentia
532 3117 633 3182 animi
655 3118 749 3195 bona,
771 3117 861 3181 illam
881 3118 1031 3202 indolem,
1055 3120 1168 3204 quati

107 3225 218 3269 omncs
249 3224 342 3289 reges
370 3205 555 3287 antecessit,
585 3205 675 3268 illam
704 3206 739 3267 in
768 3205 940 3270 subeundis
967 3207 1118 3289 periculis

106 3292 335 3375 constantiam,
365 3293 400 3356 in
425 3293 521 3357 rebus
547 3292 718 3357 moliendis
740 3292 979 3376 efficiendisque
1001 3296 1118 3360 veloci·

105 3384 221 3461 tatem,
251 3380 287 3444 in
317 3379 441 3444 deditos
465 3381 574 3463 fidem,
605 3380 641 3444 in
670 3381 813 3464 captivos
840 3381 1057 3466 clementiam,
1083 3384 1117 3446 in

102 3468 324 3550 voluptatibus
357 3468 523 3552 permissis
554 3486 682 3554 quoque
714 3472 747 3532 et
777 3468 905 3533 usitatis
936 3474 1117 3553 temperan-

40 3568 63 3613 2
82 3551 177 3634 tiam,
206 3555 303 3622 baud
331 3556 498 3625 tolerabili
524 3557 595 3625 vini
621 3556 797 3644 cupiditate
816 3555 972 3620 ioedauit.
1012 3556 1118 3622 Hoste
