2356 3846
223 130 474 216 rnsuoenaon
492 159 707 214 sarnanum
723 160 775 229 iv,
795 165 835 214 14.
857 165 898 215 re.
1026 157 1067 223 ‚73

58 307 97 370 ut
122 278 332 390 Massagetai
351 304 473 389 equites
491 305 538 368 in
563 304 690 369 laevum
717 302 893 368 Alexandri
920 323 1019 368 cornu
1045 324 1068 368 a

57 395 159 458 latere
181 393 291 458 invehi
312 393 445 457 iuberet.
480 391 553 476 Ipse
577 395 652 456 ante
674 413 708 456 se
724 391 860 456 falcatos
882 413 992 456 currus
1010 391 1101 459 has

57 482 170 564 bebat,
202 502 282 566 quos
313 482 407 565 signo
437 481 513 545 dato
541 481 708 545 universos
735 480 770 545 in
796 479 923 544 hostem
946 480 1066 545 effudit

56 568 212 634 Ruebant
237 569 352 633 laxatis
376 569 510 633 habenis
534 569 676 653 aurigae,
708 589 771 652 quo
794 569 901 651 plures
923 569 1066 633 nonduin

58 659 139 722 satis
171 659 300 741 proviso
330 658 452 740 impetu
483 657 674 721 obtererent
726 656 818 721 Alios
848 677 924 741 ergo
953 656 1102 722 hastaet

57 745 197 809 multum
227 747 313 809 ultra
342 748 505 810 temonem
534 745 723 828 eminentes,
755 745 835 809 alios
862 745 904 809 ab
929 748 1067 829 utroque

56 834 159 897 latere
187 833 343 898 demissae
370 833 469 897 falces
494 834 682 898 laceravere.
725 831 794 896 Nee
821 833 940 897 sensim
963 832 1067 898 Mace

57 921 159 986 dones
187 920 354 1004 cedebant,
386 921 441 985 sed
468 920 568 985 effusa
594 921 673 1004 fuga
698 921 907 987 turbaverant
930 921 1066 986 ordines.

56 1007 209 1074 Mazaeus
236 1030 363 1094 quoque
388 1009 542 1093 perculsis
569 1012 690 1073 metum
712 1009 849 1074 incussit
869 1009 956 1072 mille
979 1011 1065 1094 equi·
1086 1025 1101 1073 5

56 1097 146 1161 tibus
169 1097 211 1167 ad
232 1097 410 1180 diripienda
431 1097 534 1162 hostis
556 1096 774 1180 inpedimenta
793 1096 985 1161 circumvehi
1002 1098 1066 1162 ius·

58 1186 120 1268 sis,
147 1189 251 1269 ratus,
278 1186 422 1269 captivos
444 1205 584 1269 quoque,
611 1186 665 1269 qui
688 1185 783 1249 simul
806 1184 1067 1270 adservabantur,

56 1277 209 1356 rupturos
232 1273 370 1356 vincula,
387 1295 464 1337 uum
489 1294 564 1338 suos
586 1273 880 1358 adpropinquantes
901 1271 1066 1339 vidissent

56 1359 136 1425 Non
162 1360 319 1425 fefellerat
341 1360 598 1442 Parmenionem,
627 1361 741 1444 quiin
763 1361 856 1426 laevo
878 1365 962 1426 erat:
993 1379 1101 1446 pro-e

57 1469 135 1531 pere
150 1449 252 1533 igitur
264 1447 497 1531 Polydamanta
514 1450 624 1532 mittit,
642 1449 698 1532 qui
716 1453 748 1513 et
765 1450 942 1532 periculum
960 1454 1066 1514 osten·

57 1536 149 1600 deret
170 1539 212 1620 et,
234 1535 310 1620 quid
330 1536 402 1601 fieri
423 1537 548 1601 iuberet
568 1557 631 1619 rea,
654 1538 842 1602 consuleret.
873 1536 933 1602 Ille
957 1538 1100 1604 auditor

56 1623 303 1708 Polydamante,
335 1623 424 1707 ‘Abi,
454 1623 595 1707 nuntia'‚
625 1625 744 1708 inquit,
776 1624 992 1690 ‘Parmenioni
999 1677 1007 1708 ,
1039 1629 1067 1690 si

58 1713 127 1776 acie
152 1712 336 1796 vicerimus,
366 1733 434 1777 non
458 1715 572 1777 nostra
598 1713 702 1777 solum
728 1734 789 1776 nos
815 1718 1067 1799 recuperaturos,

58 1800 248 1884 sedetiam,
275 1821 356 1883 quae
383 1800 525 1865 hostium
552 1803 641 1883 sunt,
667 1803 886 1884 occupaturos.
930 1801 1102 1867 Proinde8

56 1909 126 1953 non
148 1890 207 1971 est,
229 1888 314 1972 quod
338 1889 508 1972 quiequam
528 1889 645 1953 virium
668 1888 824 1954 subducat
846 1910 884 1952 ex
903 1890 979 1972 acie,
1002 1889 1067 1974 sed,

57 1980 96 2040 ut
117 1997 169 2040 me
192 1982 226 2039 et
250 1975 401 2060 Philippo
423 1980 515 2058 patre
543 1976 676 2060 dignum
705 1980 767 2059 est,
794 1980 977 2059 contempto
1001 1999 1066 2041 rar-

57 2064 203 2128 einarum
227 2062 345 2129 damno
367 2063 493 2128 fortiter
517 2063 665 2128 dimicet?
710 2064 844 2129 Interim
867 2065 997 2128 barbari
1018 2066 1066 2129 in·
1086 2083 1102 2130 s
1156 2100 1162 2132 ι

56 2152 244 2235 pedimenta
275 2152 486 2215 turbaverant
516 2152 678 2234 caesisque
709 2153 868 2235 plerisque
900 2153 1068 2217 custodum

57 2240 179 2323 captivi
200 2239 336 2303 vinculis
358 2241 474 2323 ruptis,
498 2238 652 2322 quidquid
675 2240 806 2304 obvium
828 2245 909 2318 erat,
932 2262 995 2324 quo
1019 2263 1068 2304 ar-

56 2328 141 2392 mari
164 2330 307 2411 possent,
328 2328 487 2410 arripiunt
509 2331 542 2391 et
564 2327 731 2412 adgregati
753 2349 883 2393 suorum
906 2329 1068 2412 equitibus

56 2415 253 2481 Macedonas
272 2415 405 2498 ancipiti
423 2416 655 2480 sucumventos
672 2416 758 2480 malo
775 2416 940 2480 invadunt.
967 2415 1069 2501 Laeti,
1088 2433 1120 2482 ιο

57 2505 114 2589 qui
142 2503 229 2568 cirea
254 2500 472 2587 Sisigambim·
488 2505 594 2586 erant,
625 2502 739 2568 vicisse
760 2501 915 2587 Dareum,
943 2504 1069 2587 ingenti

56 2591 153 2657 caede
189 2595 366 2675 prostratos
402 2591 526 2673 hostes,
561 2590 603 2654 ad
636 2592 787 2655 ultimum
817 2592 914 2655 etiam
945 2591 1068 2674 inpedi-

56 2679 178 2745 mentis
200 2683 314 2744 exutos
337 2699 405 2743 esse
426 2678 588 2761 nuntiant,
610 2679 728 2762 quippe
750 2679 884 2744 eandem
903 2679 1069 2745 fortunam

56 2766 178 2850 ubique
205 2786 275 2831 esse
302 2765 475 2831 credebant
501 2769 534 2830 et
555 2766 693 2831 victores
713 2765 829 2831 Persas
853 2767 1068 2850 adpraedam

57 2853 254 2919 discurrisse.
289 2851 480 2938 Sisigambis
493 2853 698 2919 hortantibus
712 2854 856 2938 captivis,
875 2858 912 2918 ut
924 2856 1068 2921 animum
1089 2872 1119 2920 11

57 2965 79 3007 a
98 2962 245 3006 maerore
267 2941 442 3026 adlevaret,
472 2942 508 3006 in
535 2941 659 3024 eodem,
691 2963 754 3026 quo
776 2945 873 3007 antea
893 2942 970 3022 fuit,
996 2966 1068 3027 per-

57 3028 225 3094 severavit
276 3027 353 3094 Non
384 3051 448 3094 vox
477 3030 544 3093 ulla
573 3030 689 3094 excidit
715 3029 758 3111 ei,
788 3051 856 3094 non
884 3031 948 3094 oris
980 3033 1068 3097 color

56 3118 206 3182 vultusve
228 3120 371 3182 mutatus
394 3121 455 3182 est:
488 3117 570 3181 sedit
591 3117 755 3182 inmobilis
779 3153 821 3163 —
845 3119 953 3200 credo,
977 3141 1068 3202 prae

57 3206 153 3288 coqui
185 3204 302 3289 gaudio
333 3206 435 3270 verita
465 3205 598 3269 inritare
628 3205 792 3269 fortunam
822 3242 881 3289 —,
912 3207 991 3272 adeo
1023 3211 1069 3291 ut,

57 3292 135 3376 quid
165 3293 290 3375 mallet,
317 3293 516 3358 intuentibus
543 3314 615 3357 eam
641 3293 739 3357 fuerit
764 3293 930 3358 incertum.
978 3292 1069 3359 Inter
1088 3310 1120 3360 12

56 3379 137 3446 haee
150 3378 308 3462 Menidas,
325 3380 506 3464 praefectus
518 3381 662 3465 equitum
672 3380 856 3465 Alexandri,
870 3403 942 3446 curn
956 3383 1067 3465 paucis

56 3468 173 3533 turmis
197 3489 292 3552 opem
312 3469 539 3553 inpedimentis
561 3470 685 3535 laturus
708 3469 882 3534 advenerat
904 3506 946 3516 -
967 3470 1068 3532 incer·

57 3559 124 3620 tum
148 3576 250 3620 suone
272 3557 407 3624 consilio
432 3580 476 3625 an
498 3559 589 3648 regis
609 3557 753 3647 imperio
768 3595 813 3606 —
826 3557 892 3623 sen
900 3575 981 3618 nou
993 3552 1095 3612 austa-
