2356 3846
117 153 158 217 10
415 196 423 200 „
490 151 522 217 o.
541 152 651 208 ouen
669 153 755 209 surr
838 120 856 132 '

115 297 262 381 deposita
282 297 317 361 in
340 299 513 380 conspectu
536 296 675 380 agminis
695 334 736 343 —
760 297 908 363 decorum
929 318 1056 382 quoque
1078 296 1129 362 fu-

114 390 222 450 turum
245 388 348 469 ratus,
371 387 399 449 si
421 385 616 450 ostendisset
639 386 714 468 suis,
737 386 800 450 levi
823 389 856 451 et
877 386 1015 468 parabili
1039 386 1130 450 cultu

115 474 258 559 corporis
291 494 324 537 se
352 494 422 538 esse
454 476 640 538 contentum
672 509 717 520 -
747 474 910 538 descendit
937 474 973 538 in
999 473 1129 539 flumen

80 582 96 631 3
115 562 241 646 Vixque
263 563 401 646 ingressi
424 562 530 625 subito
553 561 687 625 horrore
710 565 798 626 artus
821 563 927 646 rigere
946 565 1130 645 coeperunt,

115 653 220 736 pallor
243 650 354 713 deinde
374 650 512 714 suffusus
531 652 581 712 est
599 651 632 711 et
645 653 750 714 totum
764 651 996 734 propemodum
1011 670 1129 733 corpus

78 759 98 807 4
116 739 222 804 vitalis
250 739 336 802 calor
362 739 463 821 liquit.
509 736 679 819 Expiranti
708 738 845 802 similem
866 738 1007 802 ministri
1029 759 1130 802 manu

116 828 279 910 excipiunt
299 847 359 890 neo
383 827 462 889 satis
483 829 664 907 compotem
688 827 805 890 mentis
827 828 863 891 in
884 827 1130 891 tabernaculum

80 963 82 968 ,
116 916 271 980 deferunt.
315 913 435 999 Ingens
468 913 649 978 sollicitudo
679 917 712 976 et
738 935 840 996 paene
868 916 932 978 iam
958 915 1065 979 luctus
1095 915 1131 979 in

79 1005 229 1070 scastris
260 1006 337 1066 erat.
391 1002 520 1066 Flentes
552 1001 781 1087 querebantur,
812 1003 846 1066 in
878 1007 971 1067 tanto
1004 1002 1130 1085 impetu

116 1112 274 1176 cursuque
292 1112 400 1154 rerum
419 1090 523 1153 omnis
542 1089 657 1153 aetatis
677 1112 714 1154 ac
728 1091 901 1154 memoriae
915 1091 1130 1155 clarissimum

115 1201 224 1264 regem
245 1201 313 1243 non
334 1178 369 1242 in
392 1179 458 1242 acie
482 1178 604 1260 saltem,
625 1198 692 1242 non
715 1179 754 1242 ab
773 1178 867 1245 hoste
884 1179 1050 1263 deiectum,
1074 1178 1131 1243 sed

121 1269 309 1333 abluentem
340 1287 424 1350 aqua
456 1286 570 1348 corpus
593 1269 746 1348 ereptum
778 1288 848 1331 esse
880 1270 913 1330 et
944 1267 1130 1331 extinctum

80 1375 98 1423 o
116 1355 241 1420 Instare
263 1353 418 1436 Dareum,
449 1354 616 1435 victorem,
643 1358 815 1438 antequam
837 1355 972 1419 vidisset
993 1355 1132 1420 hostem.

117 1443 186 1509 Sibi
213 1443 341 1508 easdem
363 1445 479 1524 terras,
512 1463 591 1525 quas
613 1441 749 1506 victoria
771 1446 1009 1528 peragrassent,
1040 1463 1129 1527 repe·

77 1584 80 1590 .
116 1533 245 1596 tendas:
282 1530 390 1594 omnia
422 1533 478 1593 aut
509 1529 597 1613 ipsos
629 1533 685 1593 aut
716 1530 826 1596 hostes
854 1532 1041 1615 populatos:
1073 1552 1131 1614 por

116 1623 225 1685 vastas
254 1618 456 1702 solitudines,
489 1617 615 1682 etiamsi
641 1638 736 1682 nemo
759 1618 885 1702 insequi
907 1620 993 1702 velit,
1016 1623 1130 1684 euntes

79 1708 201 1773 rfame
224 1710 319 1790 atquo
341 1706 450 1790 inopia
473 1706 625 1770 debellari
646 1727 750 1789 posse.
796 1707 899 1784 Quem
922 1708 1051 1792 signum
1076 1708 1130 1773 da·

116 1800 225 1860 turum
251 1793 472 1879 fugientibus?
509 1815 604 1877 quem
632 1815 784 1858 ausurum
810 1795 994 1861 Alexandro
1023 1817 1130 1861 succe·

117 1885 212 1948 dere?
242 1882 312 1947 Iam
334 1885 371 1946 ut
393 1881 434 1946 ad
451 1880 698 1964 Hellespontum
720 1882 798 1966 fuga
818 1885 1026 1967 penetrarint,
1049 1885 1129 1949 clas-

80 1991 98 2040 8
118 1994 198 2054 sem,
222 1993 285 2055 qua
306 1972 483 2051 transeant,
506 1991 601 2053 quem
623 1972 910 2053 praeparaturum?
947 1971 1072 2061 Rursus
1095 1973 1130 2037 in

120 2060 227 2143 ipsum
249 2078 358 2141 regom
380 2057 599 2121 misericordia
618 2079 712 2121 versa
730 2059 822 2124 illum
840 2060 951 2124 florem
970 2061 1130 2144 iuventae,

116 2149 207 2212 illam
230 2147 295 2210 vim
318 2146 430 2223 animi,
458 2145 593 2210 eundem
616 2167 725 2230 regem
748 2149 781 2210 et
807 2147 1060 2212 commilitonem
1083 2149 1130 2213 di-

81 2256 97 2305 9
116 2236 192 2301 velli
211 2257 230 2299 a
249 2256 283 2298 se
301 2237 334 2298 et
351 2234 500 2316 abrumpi
513 2233 706 2298 inmemores
721 2235 771 2299 sui
784 2237 1008 2318 querebantur.
1039 2235 1130 2302 Inter
1140 2231 1175 2298 13

116 2323 195 2388 haec
218 2322 349 2387 liberius
372 2342 479 2385 meare
503 2321 634 2404 spiritus
657 2328 807 2406 coeperat
824 2324 1056 2407 adlevabatque
1074 2346 1131 2389 rex

117 2412 228 2476 oculos
252 2413 284 2474 et
305 2410 463 2493 paulatim
485 2410 638 2474 redeunte
661 2412 769 2475 animo
789 2411 1033 2476 circumstantes
1051 2414 1130 2477 ami-

117 2521 171 2564 cos
195 2500 385 2584 agnoverat:
407 2497 577 2581 laxataque
595 2499 644 2562 vis
663 2499 767 2562 morbi
788 2499 829 2562 ob
848 2499 910 2564 hoo
925 2500 1030 2564 solum
1043 2501 1129 2566 vide-

67 2606 98 2656 ιο
116 2587 220 2669 batur,
244 2585 319 2670 quia
332 2586 587 2670 magnitudinem
600 2586 677 2650 mali
693 2586 863 2651 sentiebat.
895 2587 1006 2652 Animi
1021 2592 1134 2665 autem

117 2675 284 2759 aegritudo
309 2695 423 2757 corpus
446 2673 614 2758 urguebat,
637 2675 755 2759 quippe
778 2673 920 2739 Dareum
943 2676 1055 2760 quinto
1079 2677 1130 2742 die

116 2766 152 2826 in
175 2762 288 2828 Cilicia
308 2761 379 2827 fore
401 2763 620 2826 nuntiabatur.
656 2763 810 2829 Vinctum
833 2784 909 2848 ergo
934 2785 967 2828 se
989 2765 1075 2829 tradi
1098 2768 1131 2830 ct
1160 2831 1161 2834 ,

117 2854 242 2915 tantam
264 2851 432 2914 victoriam
456 2851 535 2932 eripi
559 2851 621 2915 sibi
645 2872 684 2914 ex
705 2852 855 2916 manibus
879 2852 1078 2937 obscuraque
1098 2856 1133 2918 et

116 2938 254 3022 ignobili
281 2943 384 3002 morte
411 2938 445 3002 in
472 2939 681 3002 tabernaculo
705 2940 850 3024 extingui
873 2961 906 3003 se
930 2941 1131 3024 querebatur.

65 3046 97 3094 11
118 3025 341 3110 Admissisque
369 3026 479 3090 amicis
503 3027 623 3108 pariter
646 3049 683 3092 ao
706 3027 851 3093 medicis:
889 3026 944 3091 ‘ln
967 3050 1030 3112 quo
1053 3028 1131 3112 me',

116 3114 235 3198 inquit,
263 3113 409 3178 ‘articulo
431 3134 538 3178 rorum
560 3135 704 3179 mearum
726 3115 856 3180 fortuna
878 3115 1132 3200 deprehenderit,

117 3202 257 3268 cernitis.
302 3201 477 3285 Strepitum
503 3201 669 3266 hostilium
693 3224 855 3268 armorum
879 3204 1027 3268 exaudire
1050 3204 1132 3270 mihi

66 3309 98 3358 12
117 3291 227 3354 videor
250 3293 294 3374 et,
317 3291 371 3374 qui
394 3291 479 3354 ultro
502 3290 597 3355 intuli
618 3291 753 3375 bellum,
775 3293 841 3356 iam
864 3313 1028 3375 provocor.
1064 3291 1131 3357 Da·

116 3399 189 3442 reus
208 3399 285 3462 ergo
304 3400 376 3443 cum
394 3383 462 3442 tam
481 3379 634 3461 superbas
655 3380 765 3444 literas
784 3381 944 3464 scriberet,
966 3380 1131 3445 fortunam

105 3486 217 3526 meam
238 3467 276 3528 in
301 3467 437 3531 consilio
459 3467 586 3531 habuit:
617 3468 673 3532 sed
696 3467 906 3552 nequiquam,
928 3467 957 3532 si
980 3468 1060 3533 mihi
1082 3490 1131 3532 ar-

26 3558 69 3601 te
86 3543 191 3608 bitrio
214 3572 293 3615 meo
317 3555 429 3620 curari
451 3556 539 3623 licet.
582 3554 691 3623 Lenta
712 3556 857 3622 remedia
879 3559 912 3620 et
931 3576 1048 3639 segnes
1066 3577 1131 3619 me·
