2356 3846
238 155 493 212 HISTORIARUM
510 154 725 210 ALEXANDRI
742 154 794 222 111,
814 159 838 209 5.
858 160 881 206 6
1028 152 1067 213 ll

57 299 147 365 dicos
174 320 242 364 non
269 269 439 386 expectant
464 303 611 381 tempora
641 319 725 361 meat
760 297 812 362 vel
834 297 918 361 mori
940 298 1068 360 strenue

56 409 156 472 quam
177 387 269 451 tarde
291 388 511 452 convalescere
534 387 614 451 mihi
635 386 750 450 melius
774 388 832 450 est.
872 384 1018 467 Proinde,
1041 385 1070 448 si

57 475 134 559 quid
159 476 238 559 opis,
260 476 289 540 ei
310 475 387 559 quid
410 475 520 540 ortis
511 497 546 539 111
568 475 700 539 medicis
718 473 910 556 est,sciant,
933 493 1069 536 menon

56 567 126 627 tam
148 564 263 629 mortis
285 585 382 647 quam
403 564 481 628 belli
502 563 677 627 remedium
694 525 866 645 quadrare?
897 560 1069 646 Ingentem
1089 578 1122 628 14

58 650 209 716 omnibus
231 651 412 716 incusserat
429 673 539 716 euram
557 655 626 714 tam
642 670 796 734 praeceps
813 650 977 713 temeritas
992 649 1070 712 eius.

57 737 147 824 Ergo
174 760 233 823 pro
261 761 295 803 se
319 739 453 824 quisque
475 739 600 822 precari
622 760 767 821 coepere,
799 758 840 800 ne
862 737 1070 801 festinatione

58 826 238 910 periculum
261 831 406 912 augeret,
435 827 491 892 sed
514 831 599 891 esset
620 827 655 890 in
676 828 837 910 potestate
860 824 1070 888 medentium:

58 915 226 998 inexperta
261 914 401 979 remedia
434 915 521 979 haud
551 914 669 978 iniuria
700 915 779 996 ipsis
811 933 880 976 esse
912 916 1071 994 suspecta,
1091 930 1123 979 15

58 1024 133 1067 cum
160 1003 201 1067 ad
227 1002 402 1086 perniciem
429 1003 498 1066 eius
523 1003 621 1067 etiam
635 1015 668 1065 'a
689 1002 789 1065 latere
804 1000 913 1082 -ipsius
936 1000 1072 1082 pecunie

59 1089 249 1154 sollicitaret
270 1090 383 1154 hostis.
426 1090 551 1173 Quippe
573 1088 697 1154 Dareus
720 1089 808 1153 mille
829 1089 952 1152 talenta
973 1088 1071 1151 inter·
1092 1107 1124 1155 16

58 1177 174 1243 fectori
188 1177 365 1242 Alexandri
387 1179 536 1242 daturum
560 1199 594 1242 se
612 1177 815 1260 pronuntiari
833 1177 978 1240 iusserat
1007 1174 1072 1239 Ita-

59 1286 122 1350 que
148 1287 190 1330 nc
214 1288 365 1331 ausurum
388 1265 517 1350 quidem
540 1287 732 1350 quemquam
756 1265 998 1329 arbitrabantur
1021 1285 1072 1326 ex-

58 1353 159 1437 periri
185 1355 373 1438 remedium,
401 1354 486 1438 quod
513 1357 646 1437 propter
668 1354 847 1418 novitatem
869 1355 980 1436 posset
1002 1373 1072 1417 esse

59 1445 255 1525 suspectum.

485 1598 563 1665 (tar.
585 1599 642 1664 VI.

10 1702 51 1770 14
148 1703 231 1770 Erat
252 1706 337 1771 inter
359 1705 483 1771 nobiles
506 1705 661 1787 medicos,
690 1724 729 1767 ox
751 1703 941 1768 Macedonia
963 1723 1073 1787 regem
1093 1723 1108 1771 1

59 1797 202 1871 secutus,
233 1791 414 1877 Philippus,
445 1794 577 1857 natione
600 1793 765 1873 Acarnan,
792 1792 873 1856 fidus
901 1792 1074 1856 admodum

58 1880 1075 2050 ttaPtttttttttttttlttttssttt¹1tltettt

58 2055 93 2121 Is
120 2019 187 2121 min
213 2077 364 2140 praeceps
392 2077 439 2139 se,
472 2057 528 2122 sed
556 2060 721 2121 strenuum
747 2055 923 2119 remedium
951 2054 1109 2122 adferrea

58 2147 250 2228 tantamque
268 2146 333 2209 vim
352 2145 456 2209 morbi
478 2145 609 2228 potione
628 2144 786 2208 medicata
802 2144 983 2207 levaturum
1004 2163 1074 2208 esse

60 2231 219 2316 promisit.
255 2230 344 2296 Nulli
361 2234 555 2316 promissum
574 2232 640 2295 eius
659 2231 808 2314 placebat
820 2234 948 2315 praeter
961 2231 1075 2315 ipsum,
1093 2250 1109 2298 a

61 2320 153 2384 ouius
166 2320 308 2404 periculo
322 2321 542 2404 pollicebatur.
573 2319 690 2384 Omnia
706 2319 827 2403 quippe¹
837 2317 963 2383 facilius
978 2341 1075 2402 quam

61 2430 188 2473 moram
209 2409 333 2491 perpeti
355 2412 494 2492 poterat:
526 2429 616 2472 arma
638 2410 672 2471 et
694 2406 778 2471 acies
799 2406 836 2470 in
858 2406 960 2471 oeulis
983 2410 1076 2471 erant

62 2500 96 2560 et
118 2496 287 2560 victoriam
308 2497 344 2560 in
367 2518 402 2561 eo
418 2497 557 2579 positam
571 2517 641 2560 esse
656 2495 882 2578 arbitrabatur,
905 2496 1074 2559 sitantum

62 2587 138 2648 ante
162 2584 255 2668 signa
278 2588 362 2648 stare
385 2586 555 2667 potuisset,
582 2585 614 2648 id
637 2584 755 2666 ipsum,
784 2582 869 2667 quod
892 2583 969 2664 post
990 2582 1075 2646 diem

61 2671 194 2736 tertium
226 2672 493 2736 medicamentum
525 2675 710 2755 sumpturus
743 2673 828 2735 esset
849 2705 892 2716 -—
915 2670 971 2733 ita'
989 2670 1075 2733 enim

62 2759 206 2825 medicus
237 2761 439 2844 praedixerat
470 2796 514 2805 —
551 2781 645 2844 aegre
672 2759 787 2822 ferens.
835 2757 926 2822 Inter
954 2757 1034 2822 haee
1057 2777 1112 2826 aa

63 2846 289 2931 Parmenione,
320 2847 477 2912 fidissimo
506 2850 769 2931 purpuratorum,
800 2846 924 2910 litteras
953 2845 1077 2929 accipit,

63 2936 180 3020 quibus
204 2935 234 2999 ci
257 2935 476 3019 denuntiabat,
498 2958 539 3000 ne
562 2936 699 3000 salutem
718 2957 810 2998 suam
822 2933 972 3017 Philippo
992 2954 1076 2997 com·

63 3025 220 3088 mitteret:
248 3023 335 3088 mille
357 3023 487 3088 talentis
512 3046 531 3088 a
552 3023 659 3088 Dareo
683 3026 715 3087 et
738 3043 794 3105 spe
816 3023 1003 3105 nuptiarum
1027 3043 1076 3085 so-

63 3111 146 3177 roris
175 3112 242 3174 eius
266 3133 335 3175 esse
358 3115 553 3195 corruptum
597 3111 769 3196 lugentem
792 3110 900 3174 animo
924 3109 1112 3178 sollicitus

64 3199 172 3264 dinem
202 3199 329 3263 litterae
355 3199 557 3265 incusserant
588 3202 633 3283 et,
665 3197 819 3282 quidquid
844 3198 880 3260 in
906 3201 1077 3281 utramque

65 3296 191 3371 partem
218 3291 275 3350 aut
300 3291 405 3352 metus
433 3288 491 3351 aut
517 3308 590 3370 spes
618 3288 810 3369 subiecerat,
837 3289 961 3350 secreta
983 3286 1076 3349 aesti-

63 3376 206 3440 matione
229 3376 396 3458 pensabat.
427 3375 553 3439 ‘Bibere
576 3395 786 3458 perseverem,
808 3376 854 3457 ut,
877 3374 904 3437 si
917 3394 1077 3437 venenum
1097 3392 1113 3441 6

64 3464 176 3528 datum
199 3463 309 3546 fuerit,
331 3485 372 3528 ne
395 3462 555 3528 immerito
580 3463 721 3546 quidem,
744 3461 898 3546 quidquid
920 3460 1079 3542 acciderit,

64 3550 209 3619 evenisse
237 3550 405 3618 rideatur?
450 3551 616 3619 Damnem
634 3551 759 3619 medici
775 3550 898 3615 bdeml
923 3547 1099 3609 &utaper-
