2356 3846
240 181 495 240 maronianum
513 182 728 239 ALEXANDRI
745 184 823 252 VIII,
844 190 885 239 ll.
1003 183 1070 249 215

58 326 205 410 corporis
223 325 371 392 custodes
395 328 487 412 sequi
509 349 543 392 ss
566 327 657 393 iubet
679 328 865 413 primusque
887 327 1011 393 invadit
1034 329 1069 393 in

57 436 182 498 rupem
229 413 298 480 Nec
326 414 440 480 deinde
473 415 643 500 quisquam
674 414 889 482 Macedonum
922 416 1069 482 substitit

58 503 245 587 relictisque
268 503 464 569 stationibus
492 525 550 569 sua
573 507 687 587 sponte
709 524 819 590 regem
842 505 1068 591 sequebantur.

58 589 238 656 Multorum
270 591 464 657 miserabilis
492 591 554 656 fuit
581 612 688 676 casus,
719 613 800 676 quos
829 615 868 658 ex
893 598 1121 677 praeruptam

57 700 139 764 rupe
161 679 271 764 lapsos
294 680 398 745 amnis
420 679 651 764 praeterfluens
674 679 796 762 hausit,
825 681 920 747 triste
944 686 1069 765 specta·

57 767 168 832 culum
204 767 303 833 etiam
333 788 400 834 non
431 768 705 852 periclitantibus:
742 789 814 835 cum
850 790 926 834 vero
962 770 1068 835 alieno

59 854 174 939 exitio,
200 855 276 940 quid
303 857 383 940 ipsis
411 856 589 922 timendum
615 857 716 940 foret,
744 857 1005 941 admonerentur,
1034 858 1070 921 in

58 947 183 1008 metum
209 943 431 1010 misericordia
457 967 551 1011 versa
576 965 644 1010 non
670 944 842 1029 extinctos,
869 944 925 1011 sed
954 949 1068 1010 remet-

58 1031 149 1114 ipscs
167 1030 336 1097 deflebant.
376 1032 421 1098 nt
443 1033 509 1098 iam
532 1054 570 1098 eo
588 1037 778 1118 perventum
797 1036 875 1117 erat,
897 1032 981 1098 unde
1000 1033 1068 1098 sine
1089 1040 1123 1090 13

58 1119 202 1203 pernicie
219 1121 284 1185 nisi
301 1120 441 1187 victores
460 1122 565 1187 redire
586 1143 653 1187 non
669 1125 811 1206 possent,
828 1122 973 1206 ingentia
992 1141 1069 1186 saxa

57 1207 93 1272 in
112 1207 286 1273 subeuntes
304 1211 570 1293 provolventibus
587 1210 745 1295 barbaris,
767 1210 839 1294 quis
858 1210 998 1293 perculsi
1020 1211 1068 1273 in·

58 1295 175 1360 stabili
197 1299 230 1361 et
252 1296 376 1363 lubrico
400 1298 502 1383 gradu
526 1299 721 1383 praecipites
750 1298 946 1364 recidebant.
985 1297 1069 1363 Eva·
1089 1305 1123 1354 14

58 1386 169 1448 serant
194 1386 304 1450 tamen
330 1384 514 1451 Alexander
545 1390 578 1450 et
604 1384 746 1469 Charus,
780 1408 860 1470 quos
892 1408 965 1451 cum
997 1404 1070 1450 xxx

58 1470 194 1536 delectis
226 1474 438 1557 praemiserat
464 1495 534 1557 rex,
564 1478 598 1539 et
624 1475 690 1539 iam
716 1494 861 1561 pugnare
889 1475 1069 1540 comminus

57 1562 246 1644 coeperant:
274 1561 330 1627 sed
357 1584 431 1627 cunr
458 1583 597 1646 superne
623 1562 691 1628 tela
716 1563 849 1627 barbari
875 1563 1070 1647 ingererent,

58 1647 190 1731 saepius
208 1647 273 1732 ipsi
289 1648 491 1715 feriebantur
509 1671 606 1735 quam
626 1651 847 1715 vulnerabant.
887 1648 977 1735 Ergo
995 1648 1070 1713 Ale·
1090 1656 1124 1706 15

55 1735 181 1800 xander
203 1739 236 1800 et
256 1737 398 1803 nominis
422 1738 472 1803 sui
494 1741 528 1803 et
544 1738 695 1822 promissi
715 1758 847 1821 memor,
869 1737 945 1804 dum
964 1738 1069 1803 acrius

80 1845 158 1889 uam
177 1825 320 1890 cautius
356 1826 501 1909 dimicat,
537 1824 706 1890 confossus
741 1825 881 1909 undique
913 1825 1069 1890 obruitur.

57 1845 163 1986 guam
185 1915 223 1976 ut
245 1909 370 1980 Charus
394 1915 553 1979 iacentem
576 1913 757 1998 conspexit*
773 1934 865 1979 ruere
888 1914 923 1978 in
940 1913 1069 1978 hostem
1090 1921 1123 1971 16

56 1999 205 2066 omnium
228 2006 357 2083 praeter
379 2003 538 2067 ultionem
566 2001 735 2067 immemor
757 2002 864 2085 coepit
886 2002 1069 2086 multosque

56 2087 163 2171 basta,
179 2088 336 2172 quosdam
350 2090 458 2173 gladio
473 2091 648 2155 interemit.
680 2087 742 2155 Sed
756 2111 829 2154 cum
842 2092 893 2154 tot
907 2110 1008 2155 unum
1021 2091 1071 2154 in·

57 2178 222 2241 cesserant
239 2197 368 2259 manus,
392 2198 488 2262 super
512 2178 608 2243 amici
630 2199 745 2262 corpus
768 2177 941 2261 procubuit
964 2179 1071 2242 exani·

56 2263 132 2329 mis.
181 2261 278 2328 Haud
308 2285 413 2348 secus,
440 2287 537 2349 quam
559 2287 620 2350 par
643 2271 725 2344 erat,
752 2265 1070 2349 promptissimorum
1091 2273 1124 2324 17

55 2352 211 2417 iuvenum
230 2355 472 2437 ceterorumque
493 2353 636 2418 militum
654 2354 788 2419 interitu
811 2357 991 2419 commotus
1015 2374 1071 2417 rex

56 2439 191 2524 signum
217 2441 361 2524 receptui
387 2440 484 2506 dedit.
533 2438 640 2506 Saluti
670 2441 746 2525 fuit,
777 2440 862 2525 quod
890 2442 1010 2506 sensim
1038 2445 1071 2504 et
1091 2449 1123 2498 18

57 2526 213 2612 intrepidi
245 2550 279 2594 se
310 2531 500 2614 receperunt
532 2532 566 2593 et
596 2528 727 2595 barbari
754 2527 881 2593 bostem
909 2527 1070 2611 depulisse

10 2615 205 2686 ilcontenti
234 2631 300 2682 non
331 2617 479 2683 institere
506 2616 701 2681 cedentibus.
752 2613 902 2681 Ceterum
932 2614 1123 2679 Alexan-1⁹

58 2703 117 2769 der
138 2724 212 2770 cnm
235 2706 405 2771 statuisset
425 2704 581 2770 desistere
606 2704 734 2788 incepto
763 2738 819 2783 -,
833 2703 952 2787 quippe
979 2702 1071 2768 nulla

57 2812 133 2876 spes
164 2792 338 2876 potiundae
364 2796 474 2877 petrae
502 2791 697 2858 offerebatur
726 2826 764 2839 -
795 2794 904 2856 tamen
931 2791 1071 2874 speciem

57 2879 204 2946 ostendit
221 2881 256 2946 in
274 2881 440 2947 obsidione
458 2880 708 2965 perseverantis,
730 2901 806 2944 nam
829 2881 863 2943 et
880 2878 996 2943 itinera
1014 2878 1072 2943 ob·

58 2963 159 3033 sideri
182 2969 278 3035 iussit
300 2973 332 3035 et
353 2973 459 3034 turres
483 2968 646 3034 admoveri
669 2971 703 3033 et
723 2968 871 3053 fatigatis
894 2967 977 3032 alios
1001 2987 1070 3032 suc·

58 3055 179 3121 cedere.
220 3053 319 3123 Cuius
338 3056 514 3141 pertinacia
533 3057 665 3142 cognita
682 3055 754 3121 Indi
772 3077 831 3139 per
849 3053 981 3120 biduum
1001 3056 1069 3139 qui·
1088 3063 1125 3113 2⁰

58 3143 133 3227 dem
151 3161 203 3209 'ac
235 3145 315 3210 duas
342 3147 453 3211 noctes
486 3166 558 3210 cum
590 3143 806 3210 ostentatione
838 3163 904 3208 non
935 3143 1070 3208 fiduciae

58 3231 171 3316 modo,
195 3231 372 3299 sedetiam
394 3233 548 3298 victeriae
573 3231 695 3316 epulati
723 3234 808 3314 aunt,
830 3233 988 3315 tympana
1011 3251 1069 3296 suc

58 3340 153 3386 more
172 3320 349 3404 pulsantes.
397 3319 508 3386 Tertia
529 3340 606 3387 vero
629 3322 724 3385 nocte
746 3323 978 3404 tympanorum
1001 3319 1069 3403 qui·
1087 3326 1121 3376 21

58 3408 133 3474 dem
160 3410 316 3493 strepitus
343 3408 483 3475 desierat
510 3407 627 3491 audiri,
654 3411 796 3473 ceterum
824 3429 867 3489 ex·
883 3410 955 3480 tota
977 3411 1070 3490 petra

58 3495 148 3563 laces
170 3495 391 3583 refulgebant,
413 3517 493 3581 quas
517 3496 731 3562 accenderant
750 3495 899 3575 barbari,
912 3498 958 3555 ut
969 3494 1082 3582 aazia}

59 3588 147 3651 esset
160 3584 243 3668 ipsis
263 3585 344 3672 fuga
367 3585 509 3655 obscura
529 3591 631 3655 nocte
652 3607 716 3671 per
731 3583 832 3648 'invia
845 3597 935 3643 saxa
949 3584 1118 3634 sursum.
