2356 3846
412 719 461 817 o.
490 684 682 801 ouem
707 717 858 802 auur
960 672 962 678 ’

502 870 757 926 HISTORIARUM

200 1014 735 1115 ALEXANDRI
778 1013 1072 1113 MAGNI

64 1201 71 1219 ,
402 1222 405 1229 ·
465 1182 792 1252 nicanorus

549 1359 660 1414 LIBER
677 1359 710 1416 V.

567 1501 646 1568 Cae.
668 1500 694 1567 L

94 1722 107 1770 1
216 1695 303 1772 Quae
329 1697 458 1761 interim
483 1697 579 1767 ductu
605 1697 802 1781 imperioque
829 1694 1007 1760 Alexandri
1027 1695 1083 1761 vel
1103 1696 1171 1766 inl

127 1783 258 1850 Graecis
289 1786 340 1850 vel
371 1785 488 1868 Illyriis
521 1808 558 1849 ac
590 1784 729 1849 Thracia
760 1786 853 1869 geste
885 1786 973 1867 sunt,
1009 1785 1040 1848 si
1072 1785 1139 1849 suis

93 1895 271 1957 squaeque
297 1873 496 1957 temporibus
523 1872 653 1937 reddere
679 1873 825 1955 voluero,
856 1873 1139 1955 interrumpendae

127 1965 204 2025 sunt
234 1983 285 2026 res
317 1960 432 2045 Asiae,
468 1983 546 2045 quas
579 1961 691 2045 utique
723 1960 763 2024 ad
794 1959 905 2045 fugam
936 1963 1138 2045 mortemque

126 2047 224 2113 Darei
250 2049 415 2114 universas
436 2050 473 2112 in
495 2056 702 2132 conspectum
725 2049 796 2112 dari
817 2053 865 2131 et,
889 2048 972 2113 deut
993 2048 1081 2113 inter
1103 2069 1138 2113 se

126 2137 310 2220 cohaerent,
336 2138 384 2202 ita
410 2159 505 2220 opere
531 2138 603 2220 ipso
627 2136 778 2220 coniungi
799 2135 886 2201 head
908 2137 1005 2218 paulo
1029 2137 1136 2220 aptius

126 2225 227 2289 videri
254 2228 368 2308 potest.
413 2224 530 2308 Igitur,
558 2246 639 2308 quae
661 2224 784 2308 proelio
807 2224 893 2308 apud
914 2223 1039 2299 Arbela
1061 2246 1136 2290 con-

125 2313 236 2377 iuncte
259 2316 347 2396 sunt,
370 2312 477 2377 ordiar
499 2313 611 2376 dicere.

38 2460 40 2464 ,
91 2423 107 2469 3
215 2399 339 2464 Dareus
366 2400 471 2464 media
496 2400 563 2464 fere
590 2403 684 2464 nocte
707 2399 829 2463 Arbela
850 2404 1056 2483 pervenerat,
1085 2422 1136 2466 eo·

127 2489 261 2571 demque
297 2508 435 2571 magnae
470 2489 572 2570 partis
610 2489 786 2552 amicorum
821 2487 889 2551 eius
926 2509 963 2552 ac
995 2488 1136 2552 militum

91 2600 108 2646 4
126 2577 237 2661 fugam
259 2575 389 2640 fortuna
412 2577 608 2659 conpulerat.
645 2575 768 2651 Quibus
791 2576 973 2639 convocetis
995 2577 1137 2660 exponit,

126 2664 212 2728 haud
240 2664 386 2728 dubitare
410 2686 457 2747 se,
489 2665 566 2747 quin
587 2662 770 2726 Alexander
793 2663 1017 2729 celeberrimas
1040 2663 1136 2729 urbes

127 2773 286 2835 agrosque
305 2753 394 2816 omni
412 2752 505 2835 eopia
522 2773 629 2815 rerum
649 2750 848 2815 abundantes
861 2750 1022 2833 petiturus
1036 2756 1136 2817 asset:

130 2840 284 2922 praedam
316 2841 457 2921 opimam
487 2842 698 2922 paratamque
728 2840 834 2922 ipsum
861 2842 893 2902 et
918 2839 1040 2905 milites
1068 2841 1136 2905 eius

91 2950 107 2997 5
127 2931 280 3010 spectare.
315 2927 353 2991 Id
372 2929 439 2992 suis
456 2927 553 2991 rebus
572 2927 631 2990 tali
648 2928 683 2991 in
702 2930 789 2991 statu
808 2927 904 2991 saluti
920 2925 1000 3012 fore,
1018 2928 1137 3013 quippe

127 3036 160 3078 se
197 3015 323 3078 deserta
359 3037 433 3079 oum
464 3014 612 3099 expedita
643 3037 741 3079 manu
771 3014 956 3097 petiturum.
1011 3014 1137 3082 Ultima

126 3104 218 3186 regni
247 3103 296 3166 sui
324 3103 427 3166 adhuc
459 3103 582 3167 intacta
609 3124 693 3187 esse,
723 3103 797 3166 inde
824 3102 910 3167 bello
936 3103 1022 3169 vires
1048 3103 1136 3170 haud

91 3211 222 3275 aaegre
244 3195 475 3273 reparaturum.
512 3189 690 3274 Occuparet
713 3212 789 3255 sane
813 3211 926 3275 gazam
946 3191 1137 3258 avidissima

126 3300 207 3364 gens
236 3282 268 3342 et
295 3300 333 3341 ex
360 3279 460 3363 longa
482 3279 567 3343 fame
591 3280 724 3343 satiaret
745 3300 779 3343 se
804 3300 895 3362 auro,
926 3299 1004 3344 mox
1026 3280 1137 3347 futura

109 3365 261 3444 praedae
296 3366 376 3430 sibi:
416 3389 477 3431 usu
513 3366 662 3431 didicisse
695 3368 871 3450 pretiosam
902 3367 1137 3450 supellectilem

96 3450 296 3536 pelicesque
334 3459 371 3520 et
407 3456 598 3543 spadonum
633 3456 768 3544 agmina
796 3454 883 3520 nib'd
909 3455 1000 3520 atiud
1026 3456 1137 3537 fnisse.
