2356 3846
275 152 532 211 HISTORIARUM
550 152 766 210 ALEXANDRI
784 154 822 224 X,
842 160 866 212 7.
1015 152 1082 220 219

61 299 247 383 clamitans,
268 299 442 385 suffragari
464 299 534 384 spei
555 299 705 384 publicae
725 299 766 365 de
783 320 868 365 novo
886 320 964 385 rege
982 299 1083 383 paulo

63 392 141 454 ante
155 392 333 473 conceptae
345 388 445 454 robur
460 387 591 454 aetatis:
606 388 829 473 experirentur
840 388 936 454 modo
947 389 1083 473 stirpem

10 484 15 551 1
63 475 212 563 Philippi
233 479 268 542 et
288 476 392 544 lilium
416 477 611 545 acfratrem
633 498 750 563 regum
772 476 923 543 duorum:
951 478 1083 543 sibimet

10 556 12 587 ¹
68 564 147 651 11111
169 565 378 652 potissimum
401 566 577 633 crederent.
613 564 748 632 Nullum
768 566 966 651 profundum
984 589 1083 651 mare,
1103 577 1135 627 11

67 655 195 721 nullum
217 658 349 722 vastum
370 655 492 722 fretum
509 659 544 723 et
560 656 777 741 procellosum
798 659 908 721 tantos
927 656 991 722 ciet
1009 656 1085 723 fluc-

67 744 132 829 tus,
160 748 302 830 quantos
329 745 505 811 multitudo
532 747 641 810 motus
667 744 781 831 habet,
807 745 920 830 utique
948 745 977 810 si
998 766 1085 811 nova

69 833 215 900 etbrevi
236 833 393 899 duratura
419 833 572 900 libertate
594 834 745 899 luxuriat.
789 833 889 900 Pauci
912 833 1084 899 Perdiccae
1104 846 1138 895 12

10 982 13 1021 ι
68 922 163 988 modo
192 922 308 1008 electo,
335 922 450 1007 <plures
476 922 644 1009 Philippo,
671 943 767 1006 quem
795 926 997 1007 spreverant,
1024 923 1085 987 im-

10 1032 14 1083 1
66 1012 194 1095 perium
226 1010 356 1077 dabant
402 1010 472 1077 Nec
502 1011 586 1076 velle
618 1032 677 1076 nec
708 1011 796 1077 nolle
828 1011 1002 1097 quicquam
1029 1011 1086 1076 diu

10 1102 13 1109 '
65 1102 221 1183 poterant
241 1100 493 1185 paenitebatque
515 1101 612 1166 modo
636 1099 778 1186 consilii,
800 1100 896 1167 modo
919 1101 1085 1184 paeniten-

65 1188 133 1255 tiae
162 1188 278 1273 ipsius.
322 1187 376 1254 Ad
405 1189 559 1254 ultimum
590 1193 701 1255 tamen
729 1189 765 1254 in
797 1189 932 1273 stirpem
959 1188 1086 1272 regiam

63 1274 265 1344 inclinavere
293 1277 419 1343 studiis.
464 1275 617 1344 Cesserat
639 1299 679 1343 ex
704 1279 854 1344 contione
876 1277 1086 1363 Arrhidaeus,
1104 1289 1140 1340 13

63 1365 250 1451 principum
272 1366 468 1433 auctoritate
489 1367 700 1452 conterritus,
723 1370 756 1432 et
774 1367 914 1434 abeunte
932 1367 992 1433 illo
1011 1388 1085 1432 con-

61 1454 208 1521 ticuerat
234 1455 340 1540 magis
368 1477 466 1541 quam
490 1457 681 1559 elanguerat
704 1454 858 1521 militaris
880 1454 983 1522 favor.
1019 1453 1086 1523 Ita·

63 1564 130 1628 que
147 1547 319 1610 revocatus
337 1548 461 1611 vestem
483 1545 596 1611 fratris
619 1566 691 1610 eam
710 1544 826 1629 ipsam,
849 1566 932 1629 quae
951 1545 985 1609 in
1004 1544 1087 1610 sella

64 1631 176 1717 posita
198 1631 319 1720 fuerat,
343 1633 497 1699 induitur.
542 1634 588 1700 Et
608 1633 774 1718 Meleager
796 1633 930 1700 thorace
954 1635 1084 1718 sumpto
1106 1645 1140 1694 14

65 1720 157 1805 capit
192 1742 297 1807 arma,
332 1722 410 1788 novi
443 1722 530 1809 regis
564 1722 704 1789 satelles.
753 1720 907 1806 Sequitur
942 1721 1088 1806 phalanx

64 1808 174 1875 hastis
196 1809 319 1895 clipeos
342 1811 501 1896 quatiam,
525 1812 694 1896 expletura
717 1832 751 1876 se
770 1809 928 1896 sanguine
947 1810 1089 1895 illorum,

64 1898 124 1983 qui
143 1898 387 1966 adfectaverant
406 1901 489 1966 nihil
508 1900 548 1966 ad
566 1901 657 1984 ipsos
674 1899 840 1984 pertinens
863 1919 1011 1984 regnum.
1047 1897 1088 1965 ln
1107 1910 1141 1960 15

66 1987 182 2054 1111111
205 1987 302 2054 domo
323 1989 515 2074 familiaque
538 1988 669 2074 imperii
686 1989 772 2054 vires
792 2009 998 2054 remansuras
1018 2008 1088 2052 esse

67 2076 266 2161 gaudebant:
285 2077 517 2143 hereditarium
535 2077 708 2162 imperium
727 2077 864 2162 stirpem
880 2077 1005 2162 regiam
1020 2076 1089 2143 vin-

67 2164 262 2252 dicaturam,
285 2166 438 2232 adsuetos
461 2187 533 2232 esse
555 2187 674 2232 nomen
696 2166 805 2251 ipsum
828 2166 935 2231 colere
956 2187 1090 2232 venera·

67 2255 160 2340 rique
182 2274 243 2320 neo
260 2276 454 2340 quemquam
472 2254 507 2320 id
525 2276 640 2340 cepere
657 2255 723 2320 nisi
741 2255 897 2341 genitum,
918 2258 956 2321 ut
972 2275 1089 2341 regna-

16 2335 127 2410 24111
163 2343 271 2429 Igitur
293 2343 448 2409 Perdicca
469 2344 604 2409 territus
625 2344 789 2429 conclave,
812 2345 847 2409 in
866 2366 931 2429 quo
949 2343 1088 2409 Alexan·
1109 2355 1143 2404 lc

70 2432 120 2499 dri
142 2453 259 2517 corpus
277 2432 419 2518 iacebat,
438 2432 584 2498 obserari
601 2432 702 2498 iubet.
737 2449 785 2498 Dc
807 2454 882 2498 cum
904 2433 976 2517 ipso
996 2435 1089 2497 erant

69 2524 235 2607 spectatae
254 2521 399 2605 virtutis,
421 2521 629 2586 Ptolemaeus
648 2542 777 2606 quoque
796 2542 831 2585 se
849 2519 1040 2586 adiunxerat
1059 2520 1089 2585 ei

68 2631 307 2696 puerorumque
323 2610 416 2695 regia
435 2609 561 2677 cohors.
597 2606 749 2675 Ceterum
767 2609 855 2674 haud
874 2608 1049 2675 difficulter
1069 2630 1088 2674 a
1109 2620 1142 2670 1⁷

68 2702 119 2766 tot
150 2698 285 2765 milibus
317 2702 517 2765 armatorum
550 2699 692 2764 claustra
722 2697 889 2782 perfracta
915 2700 1000 2763 sunt
1044 2697 1091 2762 Et

68 2808 124 2855 rex
151 2809 281 2873 quoque
306 2788 475 2873 inruperat
496 2788 643 2872 'stipatus
672 2787 852 2853 satellitum
874 2786 986 2871 turba,
1012 2808 1091 2871 quo·

68 2898 140 2944 rum
167 2877 320 2962 princeps
343 2875 508 2964 Meleager
529 2882 605 2942 crat.
649 2875 821 2960 Iratusque
843 2874 998 2942 Perdicca
1018 2874 1090 2960 hos,
1110 2887 1144 2937 18

68 2966 126 3052 qui
153 2963 330 3031 Alexandri
354 2987 470 3050 corpus
493 2965 580 3030 tueri
602 2965 737 3049 vellent,
765 2968 910 3030 sevocat:
940 2964 1010 3047 sed,
1035 2964 1091 3049 qui

68 3056 274 3141 inruperant,
296 3054 423 3120 eminus
445 3055 513 3120 tela
530 3053 566 3118 in
583 3054 690 3138 ipsum
708 3053 879 3119 iaciebant
910 3052 1091 3139 Multisque

68 3143 249 3211 vulneratio
266 3143 399 3209 tandem
418 3143 562 3209 seniores
582 3142 722 3227 demptis
742 3143 856 3229 galeis,
877 3165 941 3228 quo
959 3141 1091 3208 facilius

68 3233 162 3300 nosci
187 3236 337 3318 possent,
367 3232 492 3317 precari
521 3254 591 3316 eos,
622 3232 679 3316 qui
705 3253 779 3297 cum
806 3230 961 3298 Perdicca
989 3234 1092 3316 erant,

69 3343 218 3408 coepere,
240 3324 279 3386 ut
302 3321 499 3387 absisterent
520 3321 607 3386 bello
627 3320 761 3405 regique
780 3324 815 3386 et
832 3322 982 3405 pluribus
1002 3319 1092 3386 cede·

68 3414 152 3477 rent
193 3410 323 3477 Primus
349 3409 504 3476 Perdicca
530 3432 620 3475 arma
642 3409 796 3494 deposuit
818 3411 982 3494 ceterique
1004 3408 1091 3475 idem
1111 3420 1145 3469 ra

67 3500 183 3566 fecere.
217 3496 387 3585 Meleagro
415 3498 530 3567 deinde
553 3498 728 3587 suadente,
747 3521 794 3566 ne
809 3521 836 3564 a
853 3519 993 3580 corqcre
1023 3497 1096 3559 ele-

58 3587 179 3651 xandrr'
201 3585 424 3679 discederent,
446 3591 583 3662 insidiis
602 3591 726 3662 locum
748 3587 872 3677 quaeri
884 3585 978 3662 rata,
991 3581 1135 3640 aaziae
