2356 3846
126 145 191 210 106
499 144 530 211 Q.
551 143 765 203 celerinum

88 312 104 361 r
125 291 224 359 alium
241 310 338 374 posse
355 288 539 373 praestare?
575 288 695 359 Beerus
717 311 913 375 quamquam
935 292 1007 357 erat
1023 287 1167 359 Greeeid

125 379 282 456 sermonis
308 378 456 462 ignarae,
484 381 594 447 tamen
621 378 808 443 stimulante
835 378 1035 443 conscientia
1056 377 1140 451 iudi·

124 467 210 531 oium
236 465 381 549 profecto
407 465 583 532 Patronem
609 465 763 531 detulisse
789 465 952 531 credebat:
984 469 1019 530 et
1039 466 1139 541 inter

122 554 208 637 preti
242 554 344 618 relato
381 575 527 619 sermone
560 552 674 618 Graeci
708 557 855 639 exempta
887 553 1048 621 dubitatio
1081 557 1140 628 eet

123 641 250 706 Dareus
269 645 387 726 autem,
409 644 566 726 quantum
585 663 624 706 ex
641 642 733 706 vultu
751 641 877 725 concipi
894 644 1033 726 poterat,
1052 640 1142 718 haud·

125 751 202 795 sane
225 730 355 794 territus
376 730 560 814 percontari
576 727 719 795 Patrona
741 751 870 795 eausam
893 730 1030 813 consilii,
1053 729 1138 815 quod

88 817 279 901 sadferret,
315 819 429 904 coepit
482 818 541 881 Ille
576 839 644 882 non
675 816 761 882 ultra
792 817 1005 891 differendum
1039 821 1139 901 ratus,

126 904 281 989 ‘Bessus',
313 906 432 988 inquit,
464 904 509 969 ‘et
534 903 742 970 Nabarzanes
771 905 965 978 insidiantum
991 905 1069 979 tibi:
1105 905 1138 977 iu

124 994 238 1059 ultimo
267 994 450 1059 discrimine
479 1015 512 1058 es
538 993 688 1079 fortunae
710 995 786 1064 tuae
808 996 841 1059 et
862 993 962 1059 vitae:
994 993 1049 1067 hic
1072 993 1137 1059 dice

89 1085 183 1151 aaut
208 1080 374 1165 parricidis
407 1085 464 1147 aut
489 1081 550 1145 tibi
578 1081 706 1146 futurus
737 1080 894 1149 ultimus'
939 1079 985 1149 lit
1015 1079 1137 1153 Patron

125 1170 254 1252 quidem
294 1169 458 1254 egregiam
499 1169 681 1234 conservati
716 1168 803 1254 regie
838 1169 976 1253 gloriam
1011 1169 1137 1242 tulerat

71 1278 106 1326 10
125 1255 270 1322 Eludant
292 1277 342 1321 me
365 1257 448 1341 licet,
472 1256 586 1341 quibus
606 1257 691 1321 forte
708 1259 828 1321 temere
845 1256 989 1321 humana
1006 1257 1137 1340 negotia

124 1345 212 1409 volvi
238 1345 354 1429 agique
383 1365 572 1428 persuasum
602 1348 665 1410 est:
701 1346 838 1427 equidem
865 1345 932 1426 feto
958 1345 1137 1410 crediderim

124 1453 271 1515 nexuque
299 1453 468 1498 causarum
498 1433 668 1498 latentium
699 1436 732 1497 et
763 1433 866 1498 multo
895 1436 971 1499 ante
999 1432 1137 1501 destina·

124 1523 232 1585 tarum
264 1541 357 1585 suum
388 1541 544 1604 quemque
575 1521 720 1586 ordinem
750 1520 935 1586 inmutabili
965 1521 1038 1605 lege
1069 1541 1136 1604 per·

70 1628 104 1676 11
125 1627 260 1672 currere.
296 1607 422 1672 Dareus
444 1612 530 1673 certe
551 1609 726 1693 respondit,
748 1630 942 1693 quamquam
962 1608 1027 1674 sibi
1041 1607 1137 1673 Grae·

108 1716 236 1760 ‚corum
258 1696 397 1761 militum
418 1695 498 1762 fides
521 1700 600 1762 nota
626 1697 682 1780 eit,
708 1717 885 1781 numquam
906 1700 1017 1761 tamen
1040 1719 1060 1761 a
1081 1717 1136 1780 po·

123 1782 290 1866 puleribus
318 1784 385 1848 suis
412 1805 620 1849 recessurum.
664 1782 835 1849 Difficilius
864 1784 926 1849 sibi
953 1805 1023 1853 esse
1051 1784 1137 1855 dam·

124 1891 217 1953 nare,
240 1893 337 1955 quam
361 1871 473 1955 decipi.
518 1871 680 1956 Quidquid
701 1872 770 1939 fore
791 1873 932 1956 tulisset,
954 1872 1042 1937 inter
1063 1892 1137 1937 snos

124 1959 249 2041 perpeti
272 1959 377 2042 malle,
400 1980 497 2044 quam
518 1958 722 2044 transfugam
743 1959 822 2026 fieri.
868 1958 946 2026 Sero
969 1980 1004 2025 se
1026 1960 1138 2044 perire,

69 2046 155 2114 rasi
182 2046 307 2110 salvum
338 2067 408 2112 esse
434 2046 553 2111 milites
578 2047 628 2111 rui
648 2047 782 2112 nollent.
825 2045 948 2115 Patron
970 2047 1139 2132 desperate

124 2133 210 2216 regis
233 2134 336 2197 salute
359 2133 400 2198 ad
422 2154 487 2212 eos,
510 2133 626 2218 quibus
646 2138 803 2221 praeerat,
825 2135 929 2219 rediit,
952 2136 1063 2207 emnia
1079 2158 1138 2222 pre

124 2219 187 2287 fide
211 2221 347 2306 experiri
368 2225 509 2304 paratus.

545 2379 624 2455 Cur.
645 2379 718 2447 XII.

88 2507 105 2553 r
214 2481 261 2548 At
282 2482 401 2549 Bessus
428 2484 594 2551 occidendi
618 2485 767 2568 protinus
793 2484 880 2571 regis
906 2485 1064 2570 impetum
1088 2488 1178 2555 ee·3

124 2575 226 2657 perat.
271 2570 335 2636 Sed
357 2572 492 2656 veritus,
513 2594 554 2639 ne
576 2573 715 2657 gratiam
736 2573 921 2656 Alexandri,
942 2574 1007 2641 uisi
1029 2574 1140 2645 vivum

125 2679 199 2725 eum
222 2660 420 2744 tradidisset,
441 2661 523 2726 inire
544 2682 611 2726 non
632 2664 757 2745 posset,
779 2661 879 2727 dilato
902 2662 937 2727 in
957 2661 1139 2745 proximam

124 2751 254 2812 noctem
273 2748 401 2813 sceleris
420 2749 554 2813 consilio
572 2769 667 2834 agere
685 2750 750 2831 νομί
767 2749 890 2834 gratiae
907 2749 1032 2833 incipit,
1053 2750 1140 2834 quod

124 2834 238 2914 perfidi
264 2835 405 2901 hominis
428 2836 575 2918 insidias,
604 2836 670 2900 iam
692 2835 868 2903 Alexandri
890 2857 968 2921 oper
991 2841 1140 2920 eportan-

125 2920 181 3002 tis,
212 2921 387 3005 prudenter
417 2926 573 3006 cauteque
603 2922 746 2989 vitasset
797 2922 928 2988 Donum
955 2943 1029 2995 eum
1051 2924 1141 2998 herti

86 3027 107 3076 a
125 3007 268 3073 laturum
289 3010 388 3077 fuisse
411 3010 496 3095 regis
519 3012 625 3093 caput.
659 3006 728 3073 Nec
745 3010 856 3076 mirari
872 3012 1039 3083 hominem
1056 3034 1139 3079 mer,

125 3094 201 3163 cede
227 3095 421 3162 conductum
448 3097 558 3178 emnia
583 3096 703 3165 habere
729 3098 869 3165 venalia:
902 3100 972 3165 sine
993 3099 1141 3185 pignora,

125 3181 195 3247 eine
217 3183 294 3265 lare,
315 3186 474 3249 terrarum
497 3184 585 3251 orbis
605 3184 738 3268 exulem,
760 3186 933 3270 ancipitem
949 3187 1080 3255 hostem
1097 3189 1139 3261 ed

87 3290 106 3341 a
125 3273 240 3337 nutum
260 3270 427 3339 licentium
444 3272 650 3345 circumferri
684 3269 843 3359 Purganti
860 3274 976 3341 deinde
994 3296 1029 3343 ee
1047 3275 1139 3348 dece·

125 3379 186 3442 que
217 3357 341 3442 patrica
371 3362 471 3426 testes
497 3360 572 3426 fidei
597 3380 675 3427 suae
702 3360 866 3429 invocanti
891 3360 1017 3429 Dareus
1044 3362 1137 3437 vultu

119 3445 379 3532 mandabatur,
409 3447 496 3516 haud
524 3448 653 3532 dubius,
680 3448 759 3534 quin
784 3470 861 3521 rere
887 3449 1089 3519 deferrentur
1116 3473 1138 3519 a

104 3529 258 3602 Graecis:
293 3535 355 3604 sed
383 3558 423 3606 eo
450 3558 563 3607 rerum
588 3540 724 3608 rentum
748 3540 834 3622 erat,
859 3541 995 3605 uttam
1013 3540 1137 3621 quemn.
