2356 3846
491 143 523 209 Q.
543 143 654 198 CURTI
671 142 759 213 auri

549 347 627 414 Ger.
649 325 705 413 XI.

85 484 100 534 1
208 464 291 530 Erat
318 465 402 528 inter
429 463 525 528 duces
553 484 651 527 manu
679 467 828 528 strenuus
855 463 962 529 Bolon
990 464 1162 548 quideme

119 554 209 639 pacis
238 552 355 617 artium
384 555 416 616 et
439 552 544 616 civilis
566 552 696 616 habitus
720 552 823 635 rudis,
845 556 936 617 vetus
960 554 1068 637 miles,
1092 554 1134 618 ab

120 642 235 706 humili
256 641 366 706 ordine
390 640 430 704 ad
449 662 522 704 eum
541 639 690 724 gradum,
713 640 748 703 in
771 661 834 724 quo
857 644 935 706 tunc
955 645 1040 724 erat,
1062 663 1135 725 pro

84 750 100 797 a
120 735 241 795 motus:
266 730 320 813 qui
338 729 519 793 tacentibus
539 728 655 792 ceteris
673 728 794 793 stolida
813 728 948 793 audacia
966 729 1060 794 ferox
1078 731 1133 794 ad·

120 840 250 883 monere
274 840 329 882 eos
352 817 472 899 coepit,
501 817 651 901 quotiens
679 817 745 881 suis
770 816 906 902 quisque
929 817 1135 902 deversoriis,

119 929 200 990 quae
229 909 452 989 occupassent,
483 904 695 988 proturbatus
724 909 822 988 esset,
855 909 892 970 ut
917 911 1135 991 purgamenta

121 1017 284 1061 servorum
303 994 452 1059 Philotae
475 993 695 1076 reciperentur
713 1015 765 1076 co,
787 993 870 1058 unde
894 995 1134 1060 commilitones

84 1084 325 1166 scapulissent.
378 1082 467 1146 Auro
500 1084 699 1166 argentoque
730 1081 880 1147 vehicula
912 1084 981 1146 eius
1015 1088 1136 1148 onusta

118 1174 197 1236 totis
216 1171 296 1236 vicis
320 1173 449 1234 stetisse
469 1191 506 1234 ac
526 1191 566 1233 ne
585 1170 619 1233 in
637 1170 789 1234 viciniam
808 1171 937 1254 quidem
956 1170 1136 1237 deversorii

121 1281 314 1344 quemquam
329 1257 588 1323 commilitonum
606 1261 771 1340 receptum
788 1279 867 1342 esse,
882 1259 938 1323 sed
952 1280 1012 1342 per
1026 1259 1136 1344 dispo·

120 1350 210 1430 sitos,
233 1368 313 1430 quos
333 1367 430 1428 supra
450 1367 598 1410 somnum
615 1345 767 1429 habebat,
789 1368 900 1412 omnes
919 1348 1034 1430 procul
1053 1350 1135 1413 rele-

120 1440 227 1520 gatos,
252 1455 292 1498 ne
315 1434 436 1498 femina
458 1433 517 1498 illa
540 1435 810 1499 murmurantium
833 1436 918 1500 inter
942 1455 975 1500 se
1000 1436 1135 1502 silentio

84 1524 226 1591 everius
265 1544 361 1606 quam
398 1543 478 1587 sono
513 1523 714 1587 excitaretur.
773 1521 929 1587 Ludibrio
966 1524 997 1589 ei
1032 1525 1136 1590 fuisse

119 1613 259 1676 rusticos
292 1611 439 1675 homines
466 1609 679 1694 Phrygasque
706 1613 739 1674 et
765 1608 993 1696 Paphlagonas
1022 1615 1137 1698 appel-

120 1701 220 1784 latos,
254 1700 309 1783 qui
335 1720 400 1762 non
431 1698 644 1781 erubesceret,
676 1697 810 1762 Macedo
841 1703 952 1778 natus,
984 1700 1136 1767 homines

86 1807 101 1856 5
120 1788 253 1871 linguae
275 1809 350 1852 suae
373 1809 431 1869 per
453 1787 663 1870 interpretem
687 1786 806 1851 audire.
842 1786 938 1852 Nunc
960 1809 1017 1853 cur
1035 1789 1136 1855 Ham·

120 1898 249 1940 monem
273 1876 396 1939 consuli
418 1875 538 1939 vellet?
563 1874 697 1939 eundem
720 1875 807 1940 lovis
832 1876 978 1959 arguisse
1005 1879 1135 1944 menda

120 1965 204 2028 cium
219 1963 441 2028 Alexandrum
459 1963 562 2027 filium
582 1962 823 2047 adgnoscentis,
842 1964 967 2028 scilicet
983 1967 1135 2052 veritum,

85 2072 161 2120 one
185 2051 379 2115 invidiosum
404 2054 502 2133 esset,
526 2051 611 2134 quod
633 2051 679 2115 dii
699 2050 860 2116 offerrent.
897 2050 979 2118 Oum
1002 2054 1135 2120 insidia·

119 2144 209 2204 retur
227 2140 328 2221 capiti
345 2138 432 2223 regis
452 2142 484 2202 et
503 2139 607 2221 amici,
625 2160 690 2203 non
704 2139 903 2206 consuluisse
921 2162 995 2205 eum
1008 2142 1134 2209 Iovem:

120 2249 203 2292 nunc
224 2225 264 2290 ad
284 2228 448 2291 oraculum
466 2227 605 2310 mittere,
628 2227 705 2290 dum
722 2231 817 2312 pater
838 2228 907 2292 eius
928 2229 1134 2316 sollicitetur,

121 2317 176 2400 qui
208 2317 330 2398 praesit
359 2316 398 2379 in.
421 2314 541 2397 Media,
574 2319 606 2379 et
632 2316 781 2398 pecunia,
814 2317 903 2380 cuius
931 2318 1135 2386 custodieri

121 2404 294 2469 commissa
317 2404 374 2485 sit,
396 2403 540 2486 perditos
562 2402 710 2467 homines
734 2403 775 2468 ad
795 2405 984 2470 societatem
1002 2408 1134 2473 sceleris

86 2493 265 2576 ainpellat.
305 2490 398 2575 Ipsos
417 2491 573 2555 missuros
593 2491 633 2554 ad
657 2493 836 2575 oraculum,
858 2513 925 2558 non
947 2495 1003 2578 qui
1021 2493 1134 2561 Iovem

119 2582 334 2665 interrogent,
355 2580 440 2664 quod
459 2601 497 2643 ex
516 2599 593 2663 rege
612 2581 836 2664 cognoverint,
859 2581 915 2645 sed
934 2583 989 2666 qui
1008 2586 1134 2667 gratias

121 2675 234 2752 agant,
267 2669 322 2752 qui
349 2673 427 2733 vota
454 2690 513 2751 pro
542 2669 763 2733 incolumitate
793 2669 879 2753 regis
912 2671 1030 2752 optimi
1061 2695 1134 2758 per-

84 2757 260 2822 esolvant.
304 2757 386 2820 Tum
413 2777 490 2820 vero
513 2757 663 2820 universa
692 2759 798 2821 contio
823 2779 958 2822 accensa
980 2763 1032 2825 est
1053 2766 1087 2826 et
1116 2785 1136 2827 a

122 2846 264 2926 corporis
284 2843 470 2909 custodibus
490 2844 619 2908 initium
637 2844 760 2908 factum
775 2846 1000 2931 clamantibus,
1017 2847 1135 2915 discen

20 2962 25 2968 ·
120 2931 260 3013 pandum
284 2953 355 2996 esse
377 2930 571 3015 parricidam
594 2932 743 2996 manibus
763 2953 874 2997 eorum
889 2971 931 2983 -
946 2935 979 2999 id
1003 2937 1135 3019 quidem

121 3018 280 3101 Philotas,
309 3021 364 3104 qui
388 3020 539 3104 graviora
564 3019 724 3103 supplicia
746 3024 918 3107 metueret,
945 3022 1033 3088 haud
1057 3048 1136 3091 sane

86 3127 102 3174 e
121 3107 232 3190 iniquo
254 3108 363 3173 animo
379 3108 540 3191 audiebat,
558 3120 598 3153 -“
612 3111 646 3171 at
660 3127 716 3171 rex
731 3107 765 3171 in
779 3112 961 3176 contionem
975 3133 1135 3199 reversus,
1149 3141 1155 3155 ’
1170 3149 1178 3165 1

122 3196 188 3260 sive
211 3195 305 3258 utin
328 3196 475 3261 custodia
498 3217 625 3279 quoque
647 3199 827 3280 torqueret,
851 3199 919 3263 sive
938 3203 976 3264 ut
998 3199 1135 3286 diligen·

65 3343 68 3351 .
120 3284 185 3349 tius
213 3286 328 3348 cuncta
355 3288 578 3368 cognosceret,
605 3283 775 3349 concilium
803 3286 1025 3370 inposterum
1049 3290 1136 3356 diem

121 3371 250 3437 distulit
283 3375 329 3452 et,
361 3393 557 3456 quamquam
585 3372 619 3437 in
652 3392 818 3455 vesperem
846 3374 1026 3442 inclinabat
1058 3379 1136 3463 dies,

118 3465 228 3526 tamen
262 3461 385 3526 amicos
417 3460 590 3525 convocari
621 3460 721 3527 iubet.
774 3461 819 3525 nt
854 3465 969 3529 ceteris
1005 3467 1136 3550 quidem

40 3561 81 3609 10
95 3547 273 3636 placebat,
305 3548 530 3618 Macedonum
559 3571 648 3616 mere
684 3548 779 3614 obrui
806 3551 908 3632 saris,
934 3551 1135 3634 Hephaestio
