2370 3834
230 148 484 206 mssoanann
501 150 716 206 murmura
734 151 822 223 viui,
842 159 864 207 1.
884 157 908 206 a.
1006 150 1078 230 229

62 295 191 362 incolae
214 315 257 360 an
279 294 391 359 fraude
414 316 449 360 se
472 296 667 360 occulerent:
691 316 764 360 cum
782 296 891 362 subito
913 296 1079 380 patefacta
1096 304 1132 358 28

63 387 163 469 porta
194 404 251 448 rex
276 381 376 447 Indus
409 404 482 448 cum
516 384 640 449 duobus
668 384 787 449 adultis
819 386 896 450 filiis
929 386 1079 470 occurrit,

64 472 206 538 multum
224 473 311 536 inter
329 492 439 536 omnes
463 472 620 537 barbaros
640 473 783 537 eminens
801 474 945 558 corporis
964 473 1078 559 specie.

64 560 179 626 Vestis
193 564 264 626 erat
278 582 356 625 auro
370 582 575 644 purpuraque
594 561 756 644 distincta,
775 583 857 646 quae
872 563 970 628 etiam
985 584 1079 628 crura
1096 573 1130 623 aa

65 650 208 715 velabat:
232 648 338 714 aureis
360 649 457 713 soleis
480 650 662 714 inseruerat
684 671 841 735 gemmas,
865 650 980 718 lacerti
1003 673 1079 735 quo·

65 759 127 823 que
159 741 193 803 et
224 737 358 803 brachia
385 739 570 823 margaritis
599 742 715 803 ornata
743 743 842 804 erant.
891 739 1080 805 Pendebant
1097 749 1131 799 30

65 848 106 891 ex
134 825 267 891 auribus
295 826 439 911 insignes
468 827 605 891 candore
633 849 671 893 ac
703 828 927 912 magnitudine
963 828 1079 911 lapilli.

64 913 221 980 Baculum
249 936 393 979 aureum·
413 914 531 1000 berylli
559 915 811 1001 distinguebant.
855 916 926 992 Quo
955 915 1078 980 tradito

65 1007 229 1087 precatus,
247 1006 284 1067 ut
304 1003 423 1088 hospes
442 1005 615 1088 acciperet,
639 1025 673 1069 se
691 1004 873 1088 liberosque
892 1010 925 1069 et
948 1008 1078 1090 gentem

28 1094 159 1159 sssuam
195 1090 324 1157 dedidit.
377 1090 512 1157 Nobiles
550 1092 591 1157 ad
627 1093 808 1157 venandum
840 1114 935 1158 canes
972 1095 1006 1158 in
1040 1113 1078 1158 ea
1096 1106 1129 1155 31

64 1180 199 1264 regione
217 1177 305 1244 sunt:
328 1180 450 1245 latratu
469 1182 633 1246 abstinere
652 1182 815 1264 dicuntur,
838 1203 912 1247 cum
928 1181 1079 1247 viderunt

64 1267 182 1354 feram,
203 1267 351 1334 leonibus
370 1269 509 1334 maxime
529 1269 649 1335 infesti.
685 1269 811 1335 Horum
830 1271 896 1334 vim
915 1273 953 1335 ut
971 1274 1077 1334 osten·
1096 1282 1130 1333 32

65 1356 156 1422 deret
173 1357 373 1441 Alexandro,
395 1357 430 1421 in
442 1361 637 1441 conseptum
655 1358 782 1423 leonem
801 1360 935 1424 eximiae
954 1359 1079 1444 magni-

65 1445 187 1511 tudinis
218 1445 314 1510 iussit
345 1446 451 1509 emitti
479 1449 513 1511 et
538 1463 591 1510 1111
618 1446 750 1511 omnino
781 1447 944 1512 admoveri
973 1469 1078 1531 canes,

66 1535 122 1618 qui
149 1534 297 1600 celeriter
323 1534 427 1598 feram
454 1537 699 1618 occupaverunt.
749 1535 833 1599 Tum
861 1556 899 1600 ex
927 1536 993 1619 his,
1022 1537 1079 1620 qui

58 1622 280 1694 ,adsueverant
301 1622 423 1688 talibus
445 1622 649 1706 ministeriis,
675 1645 758 1688 unus
782 1624 872 1688 canis
893 1623 983 1688 leoni
1005 1624 1078 1689 cunr

66 1690 140 1776 adis
172 1710 371 1775 inhaerentis
404 1733 476 1776 crus
508 1712 647 1776 avellere
679 1715 724 1794 et,
761 1712 838 1796 quia
870 1733 936 1776 nou
969 1733 1078 1796 seque·

64 1800 174 1883 batur,
205 1799 292 1864 ferro
325 1804 495 1883 amputare
527 1800 641 1882 coepit.
685 1799 737 1865 Ne
770 1801 817 1864 sic
849 1800 977 1882 quidem
1010 1822 1078 1883 per·
1097 1809 1131 1860 33

65 1887 185 1954 tinacia
199 1887 286 1953 victa
304 1910 414 1952 rursus
434 1888 532 1952 aliam
549 1892 677 1972 partem
692 1910 799 1953 secare
816 1888 938 1952 institit
951 1893 984 1952 et
1002 1889 1078 1952 inde
1147 1968 1152 1974 ¹

66 1997 133 2041 non
153 1976 283 2060 segnius
306 1976 526 2041 inhaerentem
547 1976 634 2040 ferro
658 1977 793 2041 subinde
817 1975 978 2041 caedebat.
1017 1976 1078 2042 Ille

66 2065 101 2129 in
124 2065 256 2129 vulnere
278 2064 366 2129 ferae
388 2065 501 2129 dentes
526 2064 737 2130 moribundus
761 2086 888 2149 quoque
915 2065 1078 2130 infixerat:

66 2156 192 2218 tantam
214 2152 280 2216 illis
304 2153 498 2217 animalibus
523 2153 564 2218 ad
585 2153 768 2219 venandum
791 2152 1002 2236 cupiditatem
1029 2154 1079 2218 in-

66 2243 411 2326 generassenaturam
435 2241 612 2306 memoriae
633 2241 795 2324 proditum
819 2244 877 2306 est.
918 2241 1078 2327 Equidem
1096 2252 1132 2301 34

65 2329 161 2413 plura
179 2329 360 2394 transcribo
380 2351 478 2413 quam
497 2328 604 2394 credo:
622 2352 699 2393 nam
718 2350 777 2393 nec
796 2329 966 2394 adfirmare
983 2331 1079 2395 susti-

64 2438 136 2500 neo,
155 2417 194 2481 de
214 2417 330 2500 quibus
350 2416 472 2500 dubito,
489 2438 550 2481 nec
564 2417 750 2498 subducere,
769 2439 850 2501 quae
865 2419 983 2500 accepi.
1017 2419 1078 2482 Re·
1097 2427 1131 2478 35

65 2506 143 2570 licto
167 2506 269 2589 igitur
290 2503 424 2587 Sopithe
446 2505 481 2568 in
499 2527 563 2570 suo
585 2525 685 2587 regno
710 2505 749 2568 ad
772 2505 905 2570 fluvium
928 2505 1080 2590 Hypasin

65 2594 237 2678 processit,
259 2591 515 2676 Hephaestione,
538 2592 594 2676 qui
616 2592 777 2656 diversam
797 2594 965 2677 regionem
988 2594 1080 2659 sube-

66 2685 175 2767 gerat,
198 2681 379 2746 coniuncto.

155 2768 304 2854 Phegeus
328 2773 399 2833 erat
421 2770 528 2853 gentis
551 2768 719 2851 proximae
741 2790 811 2832 rex:
839 2770 894 2852 qui
917 2770 1078 2852 populari·
1097 2781 1131 2831 36

64 2857 126 2923 bus
145 2857 212 2922 suis
231 2856 338 2922 colere
357 2876 463 2940 agros,
482 2861 518 2922 ut
537 2857 760 2939 adsueverant,
778 2857 874 2921 iussis
893 2856 1079 2923 Alexandro

66 2966 139 3012 cum
162 2945 255 3011 donis
274 2945 428 3025 occurrit,
449 2945 548 3030 nihil,
572 2945 656 3029 quod
677 2946 866 3028 imperaret,
889 2945 1079 3013 detrectans.

500 3101 589 3170 Osa
603 3104 645 3171 ΙΙ.

28 3229 50 3296 7
153 3210 294 3277 Biduum
313 3211 398 3295 apud
417 3231 490 3275 eum
504 3210 654 3275 substitit
672 3232 742 3274 rex:
760 3211 859 3277 tertio
878 3210 929 3274 die
949 3232 1077 3276 amnem
1098 3221 1112 3271 1

65 3320 219 3385 superare
234 3299 428 3383 decreverat,
441 3299 583 3365 transitu
598 3298 762 3365 difficilem
773 3320 839 3363 non
851 3299 959 3382 spatio
973 3299 1078 3364 solum

65 3410 232 3473 aquarum,
250 3388 307 3453 sed
325 3389 423 3453 etiam
438 3389 524 3452 saxis
538 3388 726 3471 inpeditum.
749 3385 963 3453 Percontatus
977 3388 1078 3472 igitur
1096 3398 1112 3447 2

63 3476 211 3562 Phegea,
232 3497 313 3561 quae
330 3476 491 3542 noscenda
510 3478 615 3560 erant,
637 3494 688 3540 ΧΗ
707 3475 830 3539 dierum
849 3477 937 3540 ultra
959 3476 1083 3538 flumen

62 3586 123 3651 per
155 3568 265 3631 vastas
297 3564 492 3632 solitudines
523 3564 597 3632 iter·
622 3586 696 3632 esse
728 3563 924 3648 cognoscit:
953 3560 1112 3630 escuem
