2356 3846
129 158 193 222 162
498 156 530 222 Q.
550 154 761 211 3333133331

73 322 109 372 aa
127 302 241 386 Itaque
260 300 313 386 qui
332 304 503 365 transeunt
521 320 667 383 eampos,
684 299 909 385 navigantium
924 295 1022 364 modo
1040 301 1137 364 noetu

129 391 234 455 sidera
253 390 440 471 observant,
464 387 504 453 ad
527 408 664 471 quorum
683 409 811 453 cursum
834 388 897 453 iter
919 386 1080 472 dirigunt:
1105 389 1140 451 et

127 476 359 563 propemodum
395 477 513 541 clarior
555 479 605 540 est
638 476 744 542 noetis
784 477 901 542 umbra
936 496 1034 561 quam
1068 475 1139 539 lux:

74 586 108 636 aa
130 568 221 649 [ergo
254 564 394 630 interdiu
426 564 514 629 invia
547 567 597 628 est
623 564 729 649 regio,
761 565 837 648 quia
866 585 925 629 nee
953 563 1140 647 vestigium,

129 652 214 737 quod
243 656 432 739 sequantur,
459 653 628 717 inveniunt
654 655 688 716 et
714 651 802 717 nitor
829 652 970 717 siderum
998 651 1140 737 ealigine

128 741 357 822 absconditur]
395 740 545 806 (laterum
564 740 696 824 siquos
714 740 771 804 ille
789 744 918 823 ventus,
941 739 999 823 qui
1018 739 1142 805 amari

74 850 109 899 33
129 831 284 913 exoritur,
308 828 531 913 deprehendit,
553 827 676 893 harena
699 828 816 894 obruit
856 827 918 894 Sed
940 849 1006 912 qua
1027 827 1141 892 mitior

127 922 217 983 terra
254 921 316 1002 est,
357 917 472 1003 iugens
507 917 674 981 hominum
711 937 928 1001 equorumque
962 915 1140 981 multitudo

74 1026 107 1075 31
128 1007 283 1092 gignitur.
331 1004 444 1089 Itaque
471 1002 640 1069 Bactriani
670 1005 795 1088 equites
822 1026 885 1069 xxx
911 1003 1003 1069 milia
1034 1003 1141 1087 expla-

127 1098 249 1159 verant
278 1092 502 1177 Ipsa'Baatra,
520 1093 663 1177 regionis
681 1094 750 1157 eius
769 1096 880 1177 eaput,
899 1091 964 1157 sita
982 1095 1061 1156 sunt
1078 1091 1139 1156 sub

128 1185 238 1248 monte
261 1180 482 1265 Parapamiso.
525 1178 661 1246 Bactrus
689 1181 794 1246 amnis
821 1180 979 1265 praeterit
999 1178 1141 1244 moenia.

127 1270 160 1335 ls
183 1269 257 1334 urbi
280 1270 313 1333 et
334 1269 459 1353 regioni
481 1267 570 1333 dedit
592 1290 717 1334 noman.
811 1324 814 1330 .

74 1377 108 1427 aa
215 1356 278 1420 Hie
309 1357 377 1441 regi
409 1357 530 1422 stativa
563 1356 696 1421 habenti
730 1357 899 1422 nuntiatur
930 1377 970 1421 ex
1003 1350 1178 1422 Graecini*

127 1444 436 1528 Peloponnesiorum
473 1443 700 1528 Laconumque
740 1444 877 1510 defectio
916 1479 954 1491 -
993 1444 1140 1510 nondum

128 1533 213 1597 enim
241 1532 318 1597 vieti
348 1536 453 1616 erant,
480 1554 552 1598 oum
580 1532 858 1616 proficiscerentur
885 1533 1139 1598 tumultuosius

126 1624 497 1792 {attath}
520 1620 919 1773 3ι3ἓ331ἶὲ331ῗὲἓῗ
936 1624 1062 1793 att,
1086 1622 1140 1774 :t

127 1800 260 1862 ventare
282 1795 383 1862 Besso
411 1796 550 1861 ferentes
574 1816 677 1879 opem.
722 1796 845 1861 Eodem
869 1800 1029 1881 tempore,
1057 1818 1140 1880 quae

127 1884 162 1949 in
200 1888 296 1969 gente
327 1885 479 1949 Ariorum
513 1882 659 1949 Caranus
698 1887 731 1949 et
766 1883 923 1969 Erigyius
960 1888 1140 1969 gesserant,

72 1992 108 2042 33
127 1972 341 2057 perferuntur.
387 1969 603 2036 Commissum
631 1974 702 2036 erat
730 1972 890 2055 proelium
922 1972 1008 2036 inter
1034 1973 1140 2039 Maee-

127 2059 228 2125 donas
266 2058 437 2142 Ariosque.
495 2058 681 2144 Transfuga
721 2057 948 2126 Satibarzanes
989 2061 1139 2128 barbaris

127 2150 287 2231 praeerat:
321 2146 376 2230 qui
405 2167 478 2210 eum
506 2166 651 2231 pugnam
678 2167 808 2232 segnem
835 2148 998 2233 utrimque
1027 2151 1139 2234 aequis

127 2235 252 2300 viribus
280 2236 366 2298 stare
394 2234 538 2317 vidisset,
565 2234 600 2297 in
627 2234 749 2318 primos
778 2235 907 2300 ordines
935 2236 1141 2321 adequitavit

128 2324 320 2407 demptaque
343 2322 438 2406 galea
459 2322 622 2406 inhibitis,
644 2323 700 2407 qui
723 2323 790 2387 tela
812 2323 990 2407 iaciebant,
1014 2325 1139 2411 siquis

127 2411 250 2478 viritim
269 2410 423 2475 dimicare
440 2410 554 2494 vellet,
571 2411 760 2494 provocavit
779 2410 820 2476 ad
838 2432 994 2497 pugnam:
1014 2414 1138 2481 nudum

73 2521 109 2571 34
128 2523 163 2566 33
186 2502 284 2583 eaput
306 2499 341 2563 in
359 2498 533 2564 certamine
555 2498 752 2564 habiturum.
786 2498 863 2565 Non
882 2501 961 2565 tulit
982 2501 1138 2568 ferociam

128 2589 259 2655 barbari
287 2588 350 2653 dux
376 2587 464 2652 illius
493 2588 650 2655 exercitus
677 2587 840 2671 Erigyius,
869 2589 978 2673 gravis
1007 2591 1151 2675 quidem⁴

128 2680 250 2761 aetate,
272 2676 328 2742 sad
352 2679 385 2742 et
407 2677 507 2740 animi
528 2681 561 2741 33
578 2677 724 2761 eorporis
746 2676 862 2741 robore
879 2677 962 2742 nulli
985 2678 1137 2747 iuvenum

127 2765 361 2847 postferendus.
414 2763 447 2828 Ι3
485 2766 579 2847 galea
611 2767 743 2850 dempta
774 2765 925 2830 canitiem
958 2770 1138 2850 ostentans,

128 2851 260 2935 ‘Venit',
283 2853 401 2936 inquit,
424 2850 517 2936 ‘dies,
548 2873 611 2935 quo
635 2857 691 2917 aut
714 2854 849 2918 viatoria
873 2858 930 2919 aut
952 2860 1058 2921 morte
1082 2858 1137 2922 ho-

62 2985 65 2990 .
127 2940 328 3024 uastissima,
347 2939 458 3022 quales
477 2940 598 3004 amieos
617 2943 650 3004 et
668 2941 788 3006 milites
804 2940 989 3008 Alexander
1008 2943 1139 3027 habeat,

73 3046 108 3095 35
128 3027 317 3091 ostendam'.
349 3025 418 3092 Nee
435 3026 531 3109 plura
553 3028 697 3093 elocutus
716 3050 833 3112 equum
857 3031 891 3095 in
913 3030 1042 3097 hostem
1061 3034 1138 3118 egit

129 3111 281 3179 Crederes
300 3115 507 3198 imperatum,
524 3117 561 3180 ut
579 3114 664 3180 aeies
682 3119 837 3200 utraeque
856 3119 922 3184 tela
941 3120 1138 3186 cohiberent.

127 3200 280 3266 Protinus
305 3205 391 3266 certe
418 3206 620 3269 recesserunt
641 3204 717 3269 dato
744 3204 847 3272 libero
871 3207 991 3291 spatio,
1018 3209 1138 3274 intenti

128 3289 161 3354 in
185 3293 334 3356 eventum
356 3311 422 3355 non
445 3290 561 3357 ducum
583 3290 694 3372 modo,
721 3291 899 3359 sedetiam
928 3317 1005 3361 suae
1029 3298 1137 3380 sortis,

74 3399 109 3448 33
129 3378 247 3463 quippe
278 3377 420 3447 alienum
452 3377 624 3446 discrimen
656 3381 804 3445 secuturi.
853 3380 947 3448 Prior
978 3385 1136 3450 barbarus

116 3468 231 3533 emisit
254 3467 404 3538 hastam:
436 3487 534 3553 quam
561 3467 714 3555 Erigyius
740 3469 866 3534 modica
893 3471 1009 3554 eapitis
1041 3473 1136 3539 deeli-

93 3557 239 3625 natr'one
264 3558 388 3630 sitavit
411 3560 516 3647 alque
539 3559 612 3647 lpse
632 3555 788 3628 intestam
812 3558 953 3622 sarisam
973 3581 1054 3640 equo
1076 3561 1137 3625 eal·
