2356 3846
252 175 506 232 HISTORIARUM
523 175 738 232 ALEXANDRI
756 175 830 239 VIII,
848 182 872 231 2.
999 179 1059 242 191

53 321 178 386 fluebat
208 323 336 386 torrens
369 320 486 404 amnis,
517 323 609 404 terga
639 323 734 404 petra
765 321 948 386 claudebat:
979 322 1063 387 hanc

53 431 154 473 manu
177 409 323 492 perviam
346 408 470 472 incolae
492 407 645 474 fecerant.
691 406 753 472 Sed
774 409 863 473 adltu
881 431 995 494 specus
1014 432 1063 475 ac·
1081 422 1114 472 21

54 498 137 580 01011
159 497 278 561 lucemz
301 495 456 561 interiora
477 496 541 560 nisi
563 496 666 560 inlato
684 497 805 560 lumine
824 498 961 562 obscura
979 503 1063 563 sunt.

53 584 234 670 Perpetuus
265 583 429 649 cuniculus
455 584 519 648 iter
545 585 680 666 praebet
706 585 741 648 in
763 605 894 668 campos
916 586 1064 670 ignotum

53 672 120 737 nisi
152 671 323 756 Indigenis.
372 671 418 735 At
444 671 643 756 Alexander,
674 693 868 755 quamquam
897 674 1064 757 angustias
1083 687 1117 736 22

53 757 199 826 naturali
236 759 301 824 situ
332 759 473 824 munitas
503 759 611 824 valida
643 781 741 824 manu
773 760 904 825 barbari
931 763 1064 826 tueban-

54 853 127 930 tur,
154 851 265 912 tamen
288 847 443 912 arietibus
462 847 601 911 admotis
625 848 840 931 munimenta,
863 869 944 931 quae
967 871 1066 914 manu

56 935 208 1000 adiuncta
233 939 339 1017 erant,
361 935 524 1000 000000011
545 934 717 1019 fundisque
741 940 774 999 et
794 935 926 1018 sagittis
948 958 1065 1020 propu-

56 1023 231 1108 gnantium
253 1023 425 1107 plerosque
448 1023 578 1087 deiecit:
608 1044 688 1107 quos
712 1023 768 1087 ubi
791 1023 953 1106 dispersos
976 1024 1067 1108 fuga-

55 1112 118 1194 vit,
136 1112 247 1175 ruinas
268 1110 542 1175 munimentorum
561 1132 787 1196 supergressus
806 1110 847 1174 ad
864 1114 990 1192 petram
1015 1112 1067 1176 ad-

57 1199 161 1264 movit
184 1198 369 1262 exercitum.
412 1196 564 1263 Oeterum
586 1198 820 1263 interveniebat
842 1198 972 1282 fluvius,
998 1221 1067 1265 coe·
1085 1212 1119 1260 23

57 1287 193 1352 untibus
217 1286 309 1369 aquis
332 1307 371 1349 ex
395 1287 558 1369 superiore
580 1286 715 1370 fastigio
738 1286 772 1350 in
794 1286 923 1370 vallem,
944 1288 1068 1370 magni-

57 1396 120 1458 que
149 1373 255 1456 operis
282 1373 451 1437 videbatur
479 1377 548 1438 tam
570 1379 700 1438 vastam
722 1375 909 1458 voraginem
932 1376 1069 1458 explere.

56 1461 158 1528 Caedi
185 1464 295 1525 tamen
318 1461 449 1526 arbores
478 1464 511 1524 et
537 1483 615 1525 saxa
643 1461 774 1545 congeri
801 1462 909 1525 iussit:
938 1462 1067 1546 ingens·
1086 1474 1121 1523 24

58 1571 120 1636 000
142 1549 302 1614 barbaros
325 1570 439 1632 pavor,
461 1549 557 1612 rudes
576 1549 617 1613 ad
634 1549 716 1612 talia
733 1570 840 1632 opera,
864 1551 1068 1614 concusserat

23 1637 232 1707 9011011010οι
254 1637 373 1700 molem
396 1636 504 1701 subito
528 1640 702 1700 cernentes.
744 1635 857 1720 Itaque
879 1658 936 1700 rex
957 1638 997 1701 ad
1016 1638 1067 1700 de·
1086 1649 1121 1699 20

58 1725 216 1790 ditionem
239 1728 330 1788 metu
351 1745 446 1807 posse
470 1724 608 1806 conpelli
631 1727 722 1788 ratus
741 1722 885 1787 Oxarten
905 1724 996 1788 misit
1012 1747 1069 1789 na-

57 1813 159 1879 tionis
185 1812 341 1895 eiusdem,
370 1811 425 1877 sed
452 1812 587 1875 dicionis
615 1833 705 1895 suae,
732 1812 787 1894 qui
815 1811 965 1875 suaderet
988 1811 1069 1895 duci,

57 1905 95 1966 01
112 1899 257 1991 traderet
274 1903 409 1982 petram.
444 1897 581 1963 Interim
605 1898 645 1962 ad
664 1897 843 1982 augendam
861 1899 1068 1964 formidinem
1088 1914 1121 1963 20

59 1993 92 2055 01
109 1992 216 2052 turres
240 1987 493 2052 admovebantur
517 1991 550 2051 et
574 2008 707 2052 excussa
728 1987 897 2050 tormentis
921 1986 988 2050 tela
1010 1988 1068 2050 mi-

59 2077 187 2142 cabant.
235 2074 349 2158 Itaque
375 2075 530 2141 verticem
559 2078 670 2158 petrae
698 2074 786 2140 omni
814 2074 878 2138 alio
907 2074 1068 2156 praesidio

59 2165 213 2230 damnato
232 2163 424 2246 petiverunt
460 2162 506 2225 At
520 2162 657 2226 Oxartes
675 2161 839 2246 trepidum
856 2161 1068 2226 diffidentem·
1088 2177 1121 2226 27

59 2273 122 2337 000
149 2251 245 2316 rebus
274 2251 340 2316 suis
368 2248 585 2315 Sisimithrem
613 2250 728 2332 coepit'
745 2249 885 2333 hortari,
911 2253 948 2313 01
975 2249 1071 2313 fidem

59 2361 158 2424 quam
181 2338 247 2402 vim
268 2337 480 2402 Macedonum
503 2337 617 2401 mallet
639 2337 778 2420 experiri
804 2359 868 2401 neu
890 2341 1071 2402 moraretur

59 2426 302 2493 festtnationem
333 2425 465 2490 victoris
493 2426 651 2490 exercitus
680 2426 714 2489 in
740 2423 868 2489 Indiam
896 2425 1069 2489 tendentis:

60 2517 112 2581 001
144 2514 291 2598 quisquis
321 2516 423 2577 semet
451 2513 593 2595 offerret,
623 2513 658 2576 in
685 2534 777 2576 suum
807 2515 904 2594 caput
932 2512 1070 2575 alienam

61 2604 185 2669 cladem
213 2622 283 2666 0000
310 2621 488 2666 versurum,
535 2599 581 2664 Et
611 2600 681 2682 ipse
714 2598 842 2682 quidem
870 2596 1070 2662 Sisimithres
1090 2614 1124 2665 20

61 2691 258 2756 deditionem
282 2688 457 2752 adnuebat:
480 2691 622 2751 ceterum
643 2690 747 2750 mater
766 2687 938 2768 eademque
957 2687 1072 2750 coniux

61 2778 255 2844 morituram
279 2797 313 2841 00
333 2779 407 2840 ante
425 2776 628 2852 denuntians,
651 2795 749 2857 quam
771 2773 805 2836 ln
828 2773 925 2837 ullius
948 2774 1074 2837 veniret

60 2869 273 2951 potestatem,
298 2864 430 2929 barbari
457 2864 601 2928 animum
629 2861 669 2925 ad
694 2860 1073 2943 10000110000000110-

60 2956 147 3020 tiora
166 2954 369 3018 converterat
385 2950 589 3034 pudebatque
607 2949 769 3013 libertatis
783 2948 887 3012 maius
902 2969 972 3012 0000
987 2949 1073 3031 apud

60 3042 199 3107 10011000
231 3061 328 3124 quam
360 3038 444 3122 apud
475 3040 562 3102 viros
595 3037 745 3120 pretium.
799 3034 911 3119 Itaque
939 3036 1073 3101 dimisso
1092 3056 1126 3105 20

61 3128 263 3197 internuntio
277 3127 367 3213 pacis
382 3127 583 3191 obsidionem
597 3125 680 3189 ferre
699 3123 892 3188 decreverat.
923 3121 986 3188 Sed
1000 3146 1073 3188 cum

61 3217 167 3284 hostis
186 3217 270 3282 01000
291 3235 429 3298 suasque
447 3217 606 3297 pensaret,
625 3233 736 3276 rursus
755 3211 923 3276 muliebris
938 3213 1073 3293 consilii,

62 3305 150 3393 quod
163 3325 323 3389 ,praeceps
346 3303 452 3388 magis
472 3323 569 3386 00001
586 3299 802 3365 0000000010οι
821 3321 891 3363 0000
913 3299 1074 3381 credebat,

62 3392 230 3479 paenitere
262 3413 336 3457 eum
368 3390 485 3473 000011.
534 3389 761 3470 Revocatoque
793 3391 922 3451 0100000
955 3386 1074 3450 Oxarte
1093 3406 1128 3454 30

62 3483 209 3548 futurum
236 3501 271 3546 00
294 3480 329 3544 10
351 3478 437 3562 regis
460 3479 656 3562 potestatem
678 3475 867 3560 respondit,
884 3496 996 3536 010110
1008 3492 1087 3547 010-

64 3574 168 3654 00100,
192 3589 235 3632 00
264 3567 469 3634 voluntatem
500 3570 534 3633 et
563 3565 747 3634 consilium
770 3560 897 3626 matris
918 3573 1007 3616 0000
1033 3564 1117 3623 Ψ·
