<?xml version="1.0" encoding="UTF-8"?>
<!DOCTYPE html PUBLIC "-//W3C//DTD XHTML 1.0 Transitional//EN"
    "http://www.w3.org/TR/xhtml1/DTD/xhtml1-transitional.dtd">
<html xmlns="http://www.w3.org/1999/xhtml" xml:lang="en" lang="en">
 <head>
  <title>
</title>
<meta http-equiv="Content-Type" content="text/html;charset=utf-8" />
  <meta name='ocr-system' content='tesseract 3.04.00' />
  <meta name='ocr-capabilities' content='ocr_page ocr_carea ocr_par ocr_line ocrx_word'/>
</head>
<body>
  <div class='ocr_page' id='page_1' title='image "./incertiauctoris00heydgoog_0040.png"; bbox 0 0 2356 3846; ppageno 0'>
   <div class='ocr_carea' id='block_1_1' title="bbox 107 149 744 215">
    <p class='ocr_par' dir='ltr' id='par_1_1' title="bbox 107 149 744 215">
     <span class='ocr_line' id='line_1_1' title="bbox 107 149 744 215; baseline 0.006 -13"><span class='ocrx_word' id='word_1_1' title='bbox 107 149 128 214; x_wconf 82' lang='lat'><strong>6</strong></span> <span class='ocrx_word' id='word_1_2' title='bbox 479 149 510 215; x_wconf 79' lang='lat' dir='ltr'>Q.</span> <span class='ocrx_word' id='word_1_3' title='bbox 530 151 639 206; x_wconf 74' lang='lat' dir='ltr'>uuam</span> <span class='ocrx_word' id='word_1_4' title='bbox 657 151 744 206; x_wconf 86' lang='lat' dir='ltr'><strong>RUFI</strong></span> 
     </span>
    </p>
   </div>
   <div class='ocr_carea' id='block_1_2' title="bbox 106 294 1121 467">
    <p class='ocr_par' dir='ltr' id='par_1_2' title="bbox 106 294 1121 467">
     <span class='ocr_line' id='line_1_2' title="bbox 107 294 1121 378; baseline 0.004 -20"><span class='ocrx_word' id='word_1_5' title='bbox 107 294 349 359; x_wconf 88' lang='lat' dir='ltr'>distrinxerant:</span> <span class='ocrx_word' id='word_1_6' title='bbox 382 294 438 359; x_wconf 90' lang='lat' dir='ltr'>alii</span> <span class='ocrx_word' id='word_1_7' title='bbox 464 296 584 360; x_wconf 90' lang='lat' dir='ltr'>laetum</span> <span class='ocrx_word' id='word_1_8' title='bbox 611 295 644 358; x_wconf 96' lang='lat' dir='ltr'>id</span> <span class='ocrx_word' id='word_1_9' title='bbox 667 295 737 378; x_wconf 86' lang='lat' dir='ltr'>regi</span> <span class='ocrx_word' id='word_1_10' title='bbox 760 296 920 361; x_wconf 90' lang='lat' dir='ltr'>somnium</span> <span class='ocrx_word' id='word_1_11' title='bbox 944 316 1014 360; x_wconf 90' lang='lat' dir='ltr'>esse</span> <span class='ocrx_word' id='word_1_12' title='bbox 1037 296 1121 362; x_wconf 89' lang='lat' dir='ltr'>dice·</span> 
     </span>
     <span class='ocr_line' id='line_1_3' title="bbox 106 382 1121 467; baseline 0.004 -21"><span class='ocrx_word' id='word_1_13' title='bbox 106 382 195 466; x_wconf 87' lang='lat' dir='ltr'>bant,</span> <span class='ocrx_word' id='word_1_14' title='bbox 218 382 303 466; x_wconf 91' lang='lat' dir='ltr'>quod</span> <span class='ocrx_word' id='word_1_15' title='bbox 326 386 432 447; x_wconf 87' lang='lat' dir='ltr'>castra</span> <span class='ocrx_word' id='word_1_16' title='bbox 453 383 597 449; x_wconf 83' lang='lat' dir='ltr'>hostium</span> <span class='ocrx_word' id='word_1_17' title='bbox 616 383 777 466; x_wconf 74' lang='lat' dir='ltr'><strong>arsissent,</strong></span> <span class='ocrx_word' id='word_1_18' title='bbox 801 384 886 467; x_wconf 90' lang='lat' dir='ltr'>quod</span> <span class='ocrx_word' id='word_1_19' title='bbox 900 383 1121 450; x_wconf 83' lang='lat' dir='ltr'><strong>Alexandrum</strong></span> 
     </span>
    </p>
   </div>
   <div class='ocr_carea' id='block_1_3' title="bbox 21 470 1157 3641">
    <p class='ocr_par' dir='ltr' id='par_1_3' title="bbox 108 470 1121 556">
     <span class='ocr_line' id='line_1_4' title="bbox 108 470 1121 556; baseline 0.003 -22"><span class='ocrx_word' id='word_1_20' title='bbox 108 471 254 553; x_wconf 89' lang='lat' dir='ltr'>deposita</span> <span class='ocrx_word' id='word_1_21' title='bbox 276 470 366 554; x_wconf 89' lang='lat' dir='ltr'>regia</span> <span class='ocrx_word' id='word_1_22' title='bbox 388 475 475 535; x_wconf 82' lang='lat' dir='ltr'>veste</span> <span class='ocrx_word' id='word_1_23' title='bbox 498 472 532 534; x_wconf 94' lang='lat' dir='ltr'>in</span> <span class='ocrx_word' id='word_1_24' title='bbox 554 470 683 536; x_wconf 90' lang='lat' dir='ltr'>Persico</span> <span class='ocrx_word' id='word_1_25' title='bbox 707 475 740 535; x_wconf 91' lang='lat' dir='ltr'>et</span> <span class='ocrx_word' id='word_1_26' title='bbox 761 470 888 556; x_wconf 85' lang='lat' dir='ltr'>vulgari</span> <span class='ocrx_word' id='word_1_27' title='bbox 910 472 1024 536; x_wconf 92' lang='lat' dir='ltr'>habitu</span> <span class='ocrx_word' id='word_1_28' title='bbox 1046 493 1121 556; x_wconf 92' lang='lat' dir='ltr'>per·</span> 
     </span>
    </p>

    <p class='ocr_par' dir='ltr' id='par_1_4' title="bbox 72 558 1123 996">
     <span class='ocr_line' id='line_1_5' title="bbox 72 558 1121 644; baseline -0.001 -18"><span class='ocrx_word' id='word_1_29' title='bbox 72 558 238 627; x_wconf 78' lang='lat' dir='ltr'>eductum</span> <span class='ocrx_word' id='word_1_30' title='bbox 261 559 302 623; x_wconf 89' lang='lat' dir='ltr'>ad</span> <span class='ocrx_word' id='word_1_31' title='bbox 324 580 358 623; x_wconf 89' lang='lat' dir='ltr'>se</span> <span class='ocrx_word' id='word_1_32' title='bbox 380 559 521 624; x_wconf 85' lang='lat' dir='ltr'>vidisset.</span> <span class='ocrx_word' id='word_1_33' title='bbox 567 559 705 636; x_wconf 77' lang='lat' dir='ltr'>Quidam</span> <span class='ocrx_word' id='word_1_34' title='bbox 728 563 841 624; x_wconf 83' lang='lat' dir='ltr'>contra</span> <span class='ocrx_word' id='word_1_35' title='bbox 863 561 1121 644; x_wconf 77' lang='lat' dir='ltr'>augurabanturt</span> 
     </span>
     <span class='ocr_line' id='line_1_6' title="bbox 107 645 1114 732; baseline 0.008 -21"><span class='ocrx_word' id='word_1_36' title='bbox 107 647 225 730; x_wconf 93' lang='lat' dir='ltr'>quippe</span> <span class='ocrx_word' id='word_1_37' title='bbox 248 647 386 712; x_wconf 85' lang='lat' dir='ltr'>illustria</span> <span class='ocrx_word' id='word_1_38' title='bbox 402 645 614 712; x_wconf 79' lang='lat' dir='ltr'>Macedonum</span> <span class='ocrx_word' id='word_1_39' title='bbox 637 651 742 712; x_wconf 89' lang='lat' dir='ltr'>eastra</span> <span class='ocrx_word' id='word_1_40' title='bbox 763 648 833 714; x_wconf 78' lang='lat' dir='ltr'>visa</span> <span class='ocrx_word' id='word_1_41' title='bbox 850 647 1010 732; x_wconf 82' lang='lat' dir='ltr'>fulgorem</span> <span class='ocrx_word' id='word_1_42' title='bbox 1037 653 1114 719; x_wconf 87' lang='lat' dir='ltr'>Ale-</span> 
     </span>
     <span class='ocr_line' id='line_1_7' title="bbox 105 736 1122 820; baseline 0.002 -22"><span class='ocrx_word' id='word_1_43' title='bbox 105 736 227 799; x_wconf 84' lang='lat' dir='ltr'>xandro</span> <span class='ocrx_word' id='word_1_44' title='bbox 247 737 445 818; x_wconf 73' lang='lat' dir='ltr'>portendere,</span> <span class='ocrx_word' id='word_1_45' title='bbox 470 736 555 820; x_wconf 91' lang='lat' dir='ltr'>quod</span> <span class='ocrx_word' id='word_1_46' title='bbox 580 741 688 802; x_wconf 61' lang='lat' dir='ltr'>cesam</span> <span class='ocrx_word' id='word_1_47' title='bbox 710 736 868 802; x_wconf 73' lang='lat' dir='ltr'>Persicam</span> <span class='ocrx_word' id='word_1_48' title='bbox 889 757 928 800; x_wconf 89' lang='lat' dir='ltr'>ac</span> <span class='ocrx_word' id='word_1_49' title='bbox 953 737 1122 820; x_wconf 87' lang='lat' dir='ltr'>vulgarem</span> 
     </span>
     <span class='ocr_line' id='line_1_8' title="bbox 107 823 1123 910; baseline 0.001 -22"><span class='ocrx_word' id='word_1_50' title='bbox 107 823 286 908; x_wconf 77' lang='lat' dir='ltr'><strong>habuisset,</strong></span> <span class='ocrx_word' id='word_1_51' title='bbox 318 824 404 899; x_wconf 83' lang='lat' dir='ltr'>haud</span> <span class='ocrx_word' id='word_1_52' title='bbox 432 823 582 908; x_wconf 82' lang='lat' dir='ltr'>ambigue</span> <span class='ocrx_word' id='word_1_53' title='bbox 608 845 744 910; x_wconf 88' lang='lat' dir='ltr'>regnum</span> <span class='ocrx_word' id='word_1_54' title='bbox 766 824 879 907; x_wconf 86' lang='lat' dir='ltr'>Asiae,</span> <span class='ocrx_word' id='word_1_55' title='bbox 911 825 1064 909; x_wconf 85' lang='lat' dir='ltr'>quoniam</span> <span class='ocrx_word' id='word_1_56' title='bbox 1086 825 1123 890; x_wconf 91' lang='lat' dir='ltr'>in</span> 
     </span>
     <span class='ocr_line' id='line_1_9' title="bbox 108 911 1122 996; baseline 0.001 -21"><span class='ocrx_word' id='word_1_57' title='bbox 108 913 220 976; x_wconf 91' lang='lat' dir='ltr'>eodem</span> <span class='ocrx_word' id='word_1_58' title='bbox 241 912 355 976; x_wconf 90' lang='lat' dir='ltr'>habitu</span> <span class='ocrx_word' id='word_1_59' title='bbox 378 911 502 976; x_wconf 88' lang='lat' dir='ltr'>Dareus</span> <span class='ocrx_word' id='word_1_60' title='bbox 525 913 653 995; x_wconf 85' lang='lat' dir='ltr'>fuisset,</span> <span class='ocrx_word' id='word_1_61' title='bbox 683 935 756 976; x_wconf 89' lang='lat' dir='ltr'>cum</span> <span class='ocrx_word' id='word_1_62' title='bbox 779 912 960 996; x_wconf 86' lang='lat' dir='ltr'>appellatus</span> <span class='ocrx_word' id='word_1_63' title='bbox 983 916 1034 977; x_wconf 90' lang='lat' dir='ltr'>est</span> <span class='ocrx_word' id='word_1_64' title='bbox 1055 933 1122 977; x_wconf 89' lang='lat' dir='ltr'>rex.</span> 
     </span>
    </p>

    <p class='ocr_par' dir='ltr' id='par_1_5' title="bbox 73 999 1123 1437">
     <span class='ocr_line' id='line_1_10' title="bbox 73 999 1122 1084; baseline -0.004 -14"><span class='ocrx_word' id='word_1_65' title='bbox 73 999 227 1070; x_wconf 80' lang='lat' dir='ltr'>oVetera</span> <span class='ocrx_word' id='word_1_66' title='bbox 254 1021 380 1084; x_wconf 90' lang='lat' dir='ltr'>quoque</span> <span class='ocrx_word' id='word_1_67' title='bbox 409 1000 531 1081; x_wconf 90' lang='lat' dir='ltr'>omina,</span> <span class='ocrx_word' id='word_1_68' title='bbox 560 1004 599 1064; x_wconf 91' lang='lat' dir='ltr'>ut</span> <span class='ocrx_word' id='word_1_69' title='bbox 618 1001 686 1065; x_wconf 85' lang='lat' dir='ltr'>fere</span> <span class='ocrx_word' id='word_1_70' title='bbox 707 1002 757 1082; x_wconf 74' lang='lat' dir='ltr'>fit,</span> <span class='ocrx_word' id='word_1_71' title='bbox 787 1001 968 1066; x_wconf 88' lang='lat' dir='ltr'>sollicitudo</span> <span class='ocrx_word' id='word_1_72' title='bbox 991 1007 1122 1066; x_wconf 63' lang='lat' dir='ltr'>revocass</span> 
     </span>
     <span class='ocr_line' id='line_1_11' title="bbox 108 1088 1123 1173; baseline 0.002 -21"><span class='ocrx_word' id='word_1_73' title='bbox 108 1092 212 1152; x_wconf 88' lang='lat' dir='ltr'>verat:</span> <span class='ocrx_word' id='word_1_74' title='bbox 242 1089 453 1153; x_wconf 90' lang='lat' dir='ltr'>recensebant</span> <span class='ocrx_word' id='word_1_75' title='bbox 475 1089 561 1153; x_wconf 90' lang='lat' dir='ltr'>enim</span> <span class='ocrx_word' id='word_1_76' title='bbox 583 1088 726 1153; x_wconf 84' lang='lat' dir='ltr'>Dareum</span> <span class='ocrx_word' id='word_1_77' title='bbox 753 1089 787 1153; x_wconf 94' lang='lat' dir='ltr'>in</span> <span class='ocrx_word' id='word_1_78' title='bbox 814 1089 972 1173; x_wconf 90' lang='lat' dir='ltr'>principio</span> <span class='ocrx_word' id='word_1_79' title='bbox 995 1089 1123 1173; x_wconf 88' lang='lat' dir='ltr'>imperii</span> 
     </span>
     <span class='ocr_line' id='line_1_12' title="bbox 107 1175 1122 1261; baseline 0.001 -20"><span class='ocrx_word' id='word_1_80' title='bbox 107 1177 259 1261; x_wconf 82' lang='lat' dir='ltr'>vaginam</span> <span class='ocrx_word' id='word_1_81' title='bbox 282 1177 420 1241; x_wconf 74' lang='lat' dir='ltr'>acinacis</span> <span class='ocrx_word' id='word_1_82' title='bbox 438 1175 600 1241; x_wconf 88' lang='lat' dir='ltr'>Persicam</span> <span class='ocrx_word' id='word_1_83' title='bbox 622 1176 754 1242; x_wconf 90' lang='lat' dir='ltr'>iussisse</span> <span class='ocrx_word' id='word_1_84' title='bbox 774 1178 894 1241; x_wconf 91' lang='lat' dir='ltr'>mutari</span> <span class='ocrx_word' id='word_1_85' title='bbox 912 1176 947 1241; x_wconf 91' lang='lat' dir='ltr'>in</span> <span class='ocrx_word' id='word_1_86' title='bbox 966 1198 1037 1241; x_wconf 90' lang='lat' dir='ltr'>eam</span> <span class='ocrx_word' id='word_1_87' title='bbox 1055 1177 1122 1242; x_wconf 85' lang='lat' dir='ltr'>for·</span> 
     </span>
     <span class='ocr_line' id='line_1_13' title="bbox 108 1263 1122 1349; baseline 0.001 -20"><span class='ocrx_word' id='word_1_88' title='bbox 108 1287 203 1348; x_wconf 88' lang='lat' dir='ltr'>mam,</span> <span class='ocrx_word' id='word_1_89' title='bbox 227 1287 290 1348; x_wconf 91' lang='lat' dir='ltr'>qua</span> <span class='ocrx_word' id='word_1_90' title='bbox 308 1263 423 1329; x_wconf 81' lang='lat' dir='ltr'>Graeci</span> <span class='ocrx_word' id='word_1_91' title='bbox 444 1268 619 1346; x_wconf 84' lang='lat' dir='ltr'>uterentur,</span> <span class='ocrx_word' id='word_1_92' title='bbox 641 1265 852 1349; x_wconf 79' lang='lat' dir='ltr'>protinusque</span> <span class='ocrx_word' id='word_1_93' title='bbox 871 1263 1050 1330; x_wconf 80' lang='lat' dir='ltr'>Chaldaeos</span> <span class='ocrx_word' id='word_1_94' title='bbox 1073 1264 1122 1330; x_wconf 91' lang='lat' dir='ltr'>in·</span> 
     </span>
     <span class='ocr_line' id='line_1_14' title="bbox 108 1352 1123 1437; baseline -0.001 -20"><span class='ocrx_word' id='word_1_95' title='bbox 108 1356 316 1436; x_wconf 85' lang='lat' dir='ltr'>terpretatos‚</span> <span class='ocrx_word' id='word_1_96' title='bbox 348 1352 517 1436; x_wconf 91' lang='lat' dir='ltr'>imperium</span> <span class='ocrx_word' id='word_1_97' title='bbox 545 1352 715 1418; x_wconf 87' lang='lat' dir='ltr'>Persarum</span> <span class='ocrx_word' id='word_1_98' title='bbox 747 1353 788 1417; x_wconf 90' lang='lat' dir='ltr'>ad</span> <span class='ocrx_word' id='word_1_99' title='bbox 817 1374 872 1418; x_wconf 90' lang='lat' dir='ltr'>eos</span> <span class='ocrx_word' id='word_1_100' title='bbox 901 1352 1123 1437; x_wconf 88' lang='lat' dir='ltr'>transiturum,</span> 
     </span>
    </p>

    <p class='ocr_par' dir='ltr' id='par_1_6' title="bbox 74 1439 1123 1788">
     <span class='ocr_line' id='line_1_15' title="bbox 74 1439 1122 1526; baseline -0.004 -16"><span class='ocrx_word' id='word_1_101' title='bbox 74 1459 244 1526; x_wconf 73' lang='lat' dir='ltr'>uquarum</span> <span class='ocrx_word' id='word_1_102' title='bbox 273 1463 363 1505; x_wconf 91' lang='lat' dir='ltr'>arma</span> <span class='ocrx_word' id='word_1_103' title='bbox 385 1444 471 1505; x_wconf 87' lang='lat' dir='ltr'>esset</span> <span class='ocrx_word' id='word_1_104' title='bbox 492 1441 645 1505; x_wconf 88' lang='lat' dir='ltr'>imitatus.</span> <span class='ocrx_word' id='word_1_105' title='bbox 691 1439 841 1506; x_wconf 80' lang='lat' dir='ltr'>Ceterum</span> <span class='ocrx_word' id='word_1_106' title='bbox 863 1442 933 1524; x_wconf 90' lang='lat' dir='ltr'>ipse</span> <span class='ocrx_word' id='word_1_107' title='bbox 956 1443 989 1504; x_wconf 90' lang='lat' dir='ltr'>et</span> <span class='ocrx_word' id='word_1_108' title='bbox 1011 1443 1122 1506; x_wconf 82' lang='lat' dir='ltr'>vatum</span> 
     </span>
     <span class='ocr_line' id='line_1_16' title="bbox 108 1529 1123 1614; baseline 0 -21"><span class='ocrx_word' id='word_1_109' title='bbox 108 1550 274 1613; x_wconf 85' lang='lat' dir='ltr'>responso,</span> <span class='ocrx_word' id='word_1_110' title='bbox 297 1529 383 1613; x_wconf 93' lang='lat' dir='ltr'>quod</span> <span class='ocrx_word' id='word_1_111' title='bbox 406 1529 559 1592; x_wconf 79' lang='lat' dir='ltr'>edebatur</span> <span class='ocrx_word' id='word_1_112' title='bbox 581 1529 616 1592; x_wconf 92' lang='lat' dir='ltr'>in</span> <span class='ocrx_word' id='word_1_113' title='bbox 634 1529 759 1614; x_wconf 85' lang='lat' dir='ltr'>vulgus,</span> <span class='ocrx_word' id='word_1_114' title='bbox 783 1533 815 1593; x_wconf 89' lang='lat' dir='ltr'>et</span> <span class='ocrx_word' id='word_1_115' title='bbox 834 1529 947 1612; x_wconf 87' lang='lat' dir='ltr'>specie,</span> <span class='ocrx_word' id='word_1_116' title='bbox 970 1549 1051 1612; x_wconf 88' lang='lat' dir='ltr'>quae</span> <span class='ocrx_word' id='word_1_117' title='bbox 1066 1550 1123 1611; x_wconf 89' lang='lat' dir='ltr'>per</span> 
     </span>
     <span class='ocr_line' id='line_1_17' title="bbox 110 1615 1122 1700; baseline -0.002 -18"><span class='ocrx_word' id='word_1_118' title='bbox 110 1639 258 1682; x_wconf 90' lang='lat' dir='ltr'>somnum</span> <span class='ocrx_word' id='word_1_119' title='bbox 286 1617 396 1681; x_wconf 89' lang='lat' dir='ltr'>oblata</span> <span class='ocrx_word' id='word_1_120' title='bbox 423 1620 505 1700; x_wconf 86' lang='lat' dir='ltr'>erat,</span> <span class='ocrx_word' id='word_1_121' title='bbox 537 1617 709 1683; x_wconf 91' lang='lat' dir='ltr'>admodum</span> <span class='ocrx_word' id='word_1_122' title='bbox 736 1618 841 1681; x_wconf 89' lang='lat' dir='ltr'>laetus</span> <span class='ocrx_word' id='word_1_123' title='bbox 865 1620 971 1681; x_wconf 90' lang='lat' dir='ltr'>castra</span> <span class='ocrx_word' id='word_1_124' title='bbox 993 1617 1034 1681; x_wconf 91' lang='lat' dir='ltr'>ad</span> <span class='ocrx_word' id='word_1_125' title='bbox 1056 1615 1122 1681; x_wconf 76' lang='lat' dir='ltr'>Eu-</span> 
     </span>
     <span class='ocr_line' id='line_1_18' title="bbox 109 1705 510 1788; baseline 0 -19"><span class='ocrx_word' id='word_1_126' title='bbox 109 1705 247 1788; x_wconf 90' lang='lat' dir='ltr'>phraten</span> <span class='ocrx_word' id='word_1_127' title='bbox 269 1705 390 1770; x_wconf 84' lang='lat' dir='ltr'>moveri</span> <span class='ocrx_word' id='word_1_128' title='bbox 411 1706 510 1770; x_wconf 86' lang='lat' dir='ltr'>iubet.</span> 
     </span>
    </p>

    <p class='ocr_par' dir='ltr' id='par_1_7' title="bbox 73 1792 1157 2140">
     <span class='ocr_line' id='line_1_19' title="bbox 73 1792 1157 1862; baseline -0.006 0"><span class='ocrx_word' id='word_1_129' title='bbox 73 1812 91 1862; x_wconf 89' lang='lat'>8</span> <span class='ocrx_word' id='word_1_130' title='bbox 197 1792 306 1858; x_wconf 88' lang='lat' dir='ltr'>Patrio</span> <span class='ocrx_word' id='word_1_131' title='bbox 329 1814 419 1858; x_wconf 90' lang='lat' dir='ltr'>more</span> <span class='ocrx_word' id='word_1_132' title='bbox 440 1793 612 1858; x_wconf 88' lang='lat' dir='ltr'>Persarum</span> <span class='ocrx_word' id='word_1_133' title='bbox 634 1793 788 1858; x_wconf 89' lang='lat' dir='ltr'>traditum</span> <span class='ocrx_word' id='word_1_134' title='bbox 812 1795 862 1857; x_wconf 89' lang='lat' dir='ltr'>est</span> <span class='ocrx_word' id='word_1_135' title='bbox 883 1795 955 1857; x_wconf 91' lang='lat' dir='ltr'>orto</span> <span class='ocrx_word' id='word_1_136' title='bbox 978 1793 1046 1857; x_wconf 83' lang='lat' dir='ltr'>sole</span> <span class='ocrx_word' id='word_1_137' title='bbox 1070 1793 1157 1857; x_wconf 73' lang='lat' dir='ltr'>del</span> 
     </span>
     <span class='ocr_line' id='line_1_20' title="bbox 110 1879 1123 1965; baseline 0 -20"><span class='ocrx_word' id='word_1_138' title='bbox 110 1904 197 1945; x_wconf 92' lang='lat' dir='ltr'>mum</span> <span class='ocrx_word' id='word_1_139' title='bbox 224 1881 404 1965; x_wconf 88' lang='lat' dir='ltr'>procedere.</span> <span class='ocrx_word' id='word_1_140' title='bbox 448 1879 509 1944; x_wconf 89' lang='lat' dir='ltr'>Die</span> <span class='ocrx_word' id='word_1_141' title='bbox 536 1880 601 1945; x_wconf 81' lang='lat' dir='ltr'>iam</span> <span class='ocrx_word' id='word_1_142' title='bbox 627 1882 746 1945; x_wconf 91' lang='lat' dir='ltr'>illustri</span> <span class='ocrx_word' id='word_1_143' title='bbox 773 1882 902 1964; x_wconf 89' lang='lat' dir='ltr'>signum</span> <span class='ocrx_word' id='word_1_144' title='bbox 929 1901 947 1943; x_wconf 92' lang='lat' dir='ltr'>e</span> <span class='ocrx_word' id='word_1_145' title='bbox 974 1880 1123 1945; x_wconf 90' lang='lat' dir='ltr'>taberna·</span> 
     </span>
     <span class='ocr_line' id='line_1_21' title="bbox 109 1967 1123 2054; baseline -0.002 -20"><span class='ocrx_word' id='word_1_146' title='bbox 109 1970 181 2034; x_wconf 90' lang='lat' dir='ltr'>culo</span> <span class='ocrx_word' id='word_1_147' title='bbox 203 1970 289 2054; x_wconf 88' lang='lat' dir='ltr'>regis</span> <span class='ocrx_word' id='word_1_148' title='bbox 313 1968 429 2033; x_wconf 91' lang='lat' dir='ltr'>bucina</span> <span class='ocrx_word' id='word_1_149' title='bbox 452 1968 596 2032; x_wconf 88' lang='lat' dir='ltr'>dabatur.</span> <span class='ocrx_word' id='word_1_150' title='bbox 638 1967 740 2051; x_wconf 86' lang='lat' dir='ltr'>Super</span> <span class='ocrx_word' id='word_1_151' title='bbox 762 1968 1015 2051; x_wconf 88' lang='lat' dir='ltr'>tabernaculum,</span> <span class='ocrx_word' id='word_1_152' title='bbox 1038 1969 1123 2033; x_wconf 92' lang='lat' dir='ltr'>unde</span> 
     </span>
     <span class='ocr_line' id='line_1_22' title="bbox 110 2056 1123 2140; baseline -0.001 -18"><span class='ocrx_word' id='word_1_153' title='bbox 110 2058 151 2122; x_wconf 90' lang='lat' dir='ltr'>ab</span> <span class='ocrx_word' id='word_1_154' title='bbox 179 2057 327 2121; x_wconf 91' lang='lat' dir='ltr'>omnibus</span> <span class='ocrx_word' id='word_1_155' title='bbox 351 2056 492 2139; x_wconf 88' lang='lat' dir='ltr'>conspici</span> <span class='ocrx_word' id='word_1_156' title='bbox 513 2060 636 2140; x_wconf 88' lang='lat' dir='ltr'>posset,</span> <span class='ocrx_word' id='word_1_157' title='bbox 667 2057 776 2140; x_wconf 83' lang='lat' dir='ltr'>imago</span> <span class='ocrx_word' id='word_1_158' title='bbox 800 2056 877 2121; x_wconf 87' lang='lat' dir='ltr'>solis</span> <span class='ocrx_word' id='word_1_159' title='bbox 900 2056 1050 2139; x_wconf 88' lang='lat' dir='ltr'>crystallo</span> <span class='ocrx_word' id='word_1_160' title='bbox 1074 2057 1123 2121; x_wconf 93' lang='lat' dir='ltr'>in·</span> 
     </span>
    </p>

    <p class='ocr_par' dir='ltr' id='par_1_8' title="bbox 74 2142 1123 2317">
     <span class='ocr_line' id='line_1_23' title="bbox 74 2142 1123 2228; baseline -0.005 -14"><span class='ocrx_word' id='word_1_161' title='bbox 74 2145 200 2215; x_wconf 77' lang='lat' dir='ltr'>sclusa</span> <span class='ocrx_word' id='word_1_162' title='bbox 222 2145 375 2228; x_wconf 87' lang='lat' dir='ltr'>fulgebat.</span> <span class='ocrx_word' id='word_1_163' title='bbox 412 2143 499 2209; x_wconf 91' lang='lat' dir='ltr'>Ordo</span> <span class='ocrx_word' id='word_1_164' title='bbox 522 2148 630 2208; x_wconf 89' lang='lat' dir='ltr'>autem</span> <span class='ocrx_word' id='word_1_165' title='bbox 654 2143 792 2228; x_wconf 90' lang='lat' dir='ltr'>agminis</span> <span class='ocrx_word' id='word_1_166' title='bbox 815 2147 885 2208; x_wconf 90' lang='lat' dir='ltr'>erat</span> <span class='ocrx_word' id='word_1_167' title='bbox 907 2143 991 2208; x_wconf 89' lang='lat' dir='ltr'>talis.</span> <span class='ocrx_word' id='word_1_168' title='bbox 1022 2142 1123 2228; x_wconf 82' lang='lat' dir='ltr'>Ignis,</span> 
     </span>
     <span class='ocr_line' id='line_1_24' title="bbox 111 2232 1123 2317; baseline -0.001 -20"><span class='ocrx_word' id='word_1_169' title='bbox 111 2255 206 2317; x_wconf 90' lang='lat' dir='ltr'>quem</span> <span class='ocrx_word' id='word_1_170' title='bbox 228 2233 292 2316; x_wconf 90' lang='lat' dir='ltr'>ipsi</span> <span class='ocrx_word' id='word_1_171' title='bbox 314 2254 441 2297; x_wconf 89' lang='lat' dir='ltr'>sacrum</span> <span class='ocrx_word' id='word_1_172' title='bbox 464 2235 498 2296; x_wconf 87' lang='lat' dir='ltr'>et</span> <span class='ocrx_word' id='word_1_173' title='bbox 519 2236 685 2296; x_wconf 88' lang='lat' dir='ltr'>aeternum</span> <span class='ocrx_word' id='word_1_174' title='bbox 706 2232 873 2314; x_wconf 79' lang='lat' dir='ltr'>vocabant,</span> <span class='ocrx_word' id='word_1_175' title='bbox 895 2232 1058 2315; x_wconf 87' lang='lat' dir='ltr'>argenteis</span> <span class='ocrx_word' id='word_1_176' title='bbox 1078 2233 1123 2296; x_wconf 87' lang='lat' dir='ltr'>al-</span> 
     </span>
    </p>

    <p class='ocr_par' dir='ltr' id='par_1_9' title="bbox 58 2319 1125 2670">
     <span class='ocr_line' id='line_1_25' title="bbox 58 2319 1124 2405; baseline 0 -20"><span class='ocrx_word' id='word_1_177' title='bbox 58 2341 92 2391; x_wconf 86' lang='lat'>10</span> <span class='ocrx_word' id='word_1_178' title='bbox 110 2322 234 2385; x_wconf 89' lang='lat' dir='ltr'>taribus</span> <span class='ocrx_word' id='word_1_179' title='bbox 262 2319 511 2404; x_wconf 89' lang='lat' dir='ltr'>praeferebatur.</span> <span class='ocrx_word' id='word_1_180' title='bbox 555 2319 646 2405; x_wconf 90' lang='lat' dir='ltr'>Magi</span> <span class='ocrx_word' id='word_1_181' title='bbox 670 2320 806 2403; x_wconf 84' lang='lat' dir='ltr'>proximi</span> <span class='ocrx_word' id='word_1_182' title='bbox 829 2320 970 2403; x_wconf 90' lang='lat' dir='ltr'>patrium</span> <span class='ocrx_word' id='word_1_183' title='bbox 993 2341 1124 2385; x_wconf 90' lang='lat' dir='ltr'>carmen</span> 
     </span>
     <span class='ocr_line' id='line_1_26' title="bbox 110 2406 1123 2493; baseline -0.002 -19"><span class='ocrx_word' id='word_1_184' title='bbox 110 2409 276 2474; x_wconf 90' lang='lat' dir='ltr'>canebant.</span> <span class='ocrx_word' id='word_1_185' title='bbox 310 2406 425 2493; x_wconf 85' lang='lat' dir='ltr'>Magos</span> <span class='ocrx_word' id='word_1_186' title='bbox 442 2409 578 2473; x_wconf 90' lang='lat' dir='ltr'>trecenti</span> <span class='ocrx_word' id='word_1_187' title='bbox 596 2411 629 2472; x_wconf 89' lang='lat' dir='ltr'>et</span> <span class='ocrx_word' id='word_1_188' title='bbox 647 2407 815 2492; x_wconf 82' lang='lat' dir='ltr'>sexaginta</span> <span class='ocrx_word' id='word_1_189' title='bbox 833 2408 973 2491; x_wconf 91' lang='lat' dir='ltr'>quinque</span> <span class='ocrx_word' id='word_1_190' title='bbox 991 2408 1123 2473; x_wconf 84' lang='lat' dir='ltr'>iuvenes</span> 
     </span>
     <span class='ocr_line' id='line_1_27' title="bbox 111 2495 1125 2582; baseline -0.002 -20"><span class='ocrx_word' id='word_1_191' title='bbox 111 2497 327 2582; x_wconf 88' lang='lat' dir='ltr'>sequebantur</span> <span class='ocrx_word' id='word_1_192' title='bbox 344 2496 488 2579; x_wconf 88' lang='lat' dir='ltr'>puniceis</span> <span class='ocrx_word' id='word_1_193' title='bbox 507 2496 651 2560; x_wconf 85' lang='lat' dir='ltr'>amiculis</span> <span class='ocrx_word' id='word_1_194' title='bbox 670 2497 777 2577; x_wconf 78' lang='lat' dir='ltr'>velati,</span> <span class='ocrx_word' id='word_1_195' title='bbox 800 2495 911 2559; x_wconf 89' lang='lat' dir='ltr'>diebus</span> <span class='ocrx_word' id='word_1_196' title='bbox 929 2495 1031 2559; x_wconf 87' lang='lat' dir='ltr'>totius</span> <span class='ocrx_word' id='word_1_197' title='bbox 1046 2498 1125 2560; x_wconf 88' lang='lat' dir='ltr'>anni</span> 
     </span>
     <span class='ocr_line' id='line_1_28' title="bbox 110 2583 1123 2670; baseline -0.001 -20"><span class='ocrx_word' id='word_1_198' title='bbox 110 2606 203 2670; x_wconf 85' lang='lat' dir='ltr'>pares</span> <span class='ocrx_word' id='word_1_199' title='bbox 230 2606 379 2649; x_wconf 89' lang='lat' dir='ltr'>numero:</span> <span class='ocrx_word' id='word_1_200' title='bbox 416 2585 534 2668; x_wconf 90' lang='lat' dir='ltr'>quippe</span> <span class='ocrx_word' id='word_1_201' title='bbox 557 2583 664 2648; x_wconf 90' lang='lat' dir='ltr'>Persis</span> <span class='ocrx_word' id='word_1_202' title='bbox 689 2604 816 2669; x_wconf 90' lang='lat' dir='ltr'>quoque</span> <span class='ocrx_word' id='word_1_203' title='bbox 838 2583 873 2647; x_wconf 92' lang='lat' dir='ltr'>in</span> <span class='ocrx_word' id='word_1_204' title='bbox 896 2583 1031 2647; x_wconf 89' lang='lat' dir='ltr'>totidem</span> <span class='ocrx_word' id='word_1_205' title='bbox 1055 2584 1123 2649; x_wconf 88' lang='lat' dir='ltr'>dies</span> 
     </span>
    </p>

    <p class='ocr_par' dir='ltr' id='par_1_10' title="bbox 58 2671 1126 2934">
     <span class='ocr_line' id='line_1_29' title="bbox 58 2671 1126 2757; baseline -0.007 -14"><span class='ocrx_word' id='word_1_206' title='bbox 58 2693 92 2743; x_wconf 87' lang='lat'>11</span> <span class='ocrx_word' id='word_1_207' title='bbox 111 2674 282 2757; x_wconf 88' lang='lat' dir='ltr'>discriptus</span> <span class='ocrx_word' id='word_1_208' title='bbox 314 2676 364 2737; x_wconf 88' lang='lat' dir='ltr'>est</span> <span class='ocrx_word' id='word_1_209' title='bbox 395 2695 505 2736; x_wconf 88' lang='lat' dir='ltr'>annus.</span> <span class='ocrx_word' id='word_1_210' title='bbox 550 2671 687 2738; x_wconf 81' lang='lat' dir='ltr'>Currum</span> <span class='ocrx_word' id='word_1_211' title='bbox 719 2671 832 2735; x_wconf 88' lang='lat' dir='ltr'>deinde</span> <span class='ocrx_word' id='word_1_212' title='bbox 861 2671 931 2736; x_wconf 80' lang='lat' dir='ltr'>Iovi</span> <span class='ocrx_word' id='word_1_213' title='bbox 963 2675 1126 2737; x_wconf 86' lang='lat' dir='ltr'>sacratum</span> 
     </span>
     <span class='ocr_line' id='line_1_30' title="bbox 111 2759 1124 2844; baseline -0.002 -17"><span class='ocrx_word' id='word_1_214' title='bbox 111 2763 255 2827; x_wconf 90' lang='lat' dir='ltr'>albentes</span> <span class='ocrx_word' id='word_1_215' title='bbox 291 2761 452 2825; x_wconf 85' lang='lat' dir='ltr'>vehebant</span> <span class='ocrx_word' id='word_1_216' title='bbox 488 2761 578 2844; x_wconf 88' lang='lat' dir='ltr'>equi:</span> <span class='ocrx_word' id='word_1_217' title='bbox 622 2761 682 2825; x_wconf 90' lang='lat' dir='ltr'>hos</span> <span class='ocrx_word' id='word_1_218' title='bbox 719 2759 854 2824; x_wconf 85' lang='lat' dir='ltr'>eximiae</span> <span class='ocrx_word' id='word_1_219' title='bbox 890 2759 1124 2844; x_wconf 85' lang='lat' dir='ltr'>magnitudinis</span> 
     </span>
     <span class='ocr_line' id='line_1_31' title="bbox 112 2848 1125 2934; baseline -0.003 -20"><span class='ocrx_word' id='word_1_220' title='bbox 112 2872 225 2934; x_wconf 89' lang='lat' dir='ltr'>equus,</span> <span class='ocrx_word' id='word_1_221' title='bbox 260 2871 355 2934; x_wconf 93' lang='lat' dir='ltr'>quem</span> <span class='ocrx_word' id='word_1_222' title='bbox 386 2848 470 2913; x_wconf 85' lang='lat' dir='ltr'>Solis</span> <span class='ocrx_word' id='word_1_223' title='bbox 499 2849 719 2932; x_wconf 88' lang='lat' dir='ltr'>appellabant,</span> <span class='ocrx_word' id='word_1_224' title='bbox 750 2848 953 2932; x_wconf 90' lang='lat' dir='ltr'>sequebatur.</span> <span class='ocrx_word' id='word_1_225' title='bbox 998 2848 1125 2912; x_wconf 84' lang='lat' dir='ltr'>Aureae</span> 
     </span>
    </p>

    <p class='ocr_par' dir='ltr' id='par_1_11' title="bbox 31 2934 1126 3111">
     <span class='ocr_line' id='line_1_32' title="bbox 31 2934 1126 3023; baseline -0.006 -16"><span class='ocrx_word' id='word_1_226' title='bbox 31 2978 36 2984; x_wconf 83' lang='lat'><em>.</em></span> <span class='ocrx_word' id='word_1_227' title='bbox 60 2959 92 3008; x_wconf 77' lang='lat'>12</span> <span class='ocrx_word' id='word_1_228' title='bbox 111 2939 221 3023; x_wconf 80' lang='lat' dir='ltr'>virgae</span> <span class='ocrx_word' id='word_1_229' title='bbox 241 2942 273 3001; x_wconf 89' lang='lat' dir='ltr'>et</span> <span class='ocrx_word' id='word_1_230' title='bbox 291 2938 383 3002; x_wconf 89' lang='lat' dir='ltr'>albae</span> <span class='ocrx_word' id='word_1_231' title='bbox 396 2941 502 3002; x_wconf 85' lang='lat' dir='ltr'>vestes</span> <span class='ocrx_word' id='word_1_232' title='bbox 516 2940 664 3022; x_wconf 88' lang='lat' dir='ltr'>regentes</span> <span class='ocrx_word' id='word_1_233' title='bbox 678 2957 778 3020; x_wconf 86' lang='lat' dir='ltr'>equos</span> <span class='ocrx_word' id='word_1_234' title='bbox 792 2936 1001 3000; x_wconf 88' lang='lat' dir='ltr'>adornabant.</span> <span class='ocrx_word' id='word_1_235' title='bbox 1027 2934 1126 3000; x_wconf 89' lang='lat' dir='ltr'>Haud</span> 
     </span>
     <span class='ocr_line' id='line_1_33' title="bbox 111 3025 1125 3111; baseline -0.002 -21"><span class='ocrx_word' id='word_1_236' title='bbox 111 3026 224 3111; x_wconf 92' lang='lat' dir='ltr'>procul</span> <span class='ocrx_word' id='word_1_237' title='bbox 253 3029 345 3090; x_wconf 89' lang='lat' dir='ltr'>erant</span> <span class='ocrx_word' id='word_1_238' title='bbox 373 3025 519 3090; x_wconf 88' lang='lat' dir='ltr'>vehicula</span> <span class='ocrx_word' id='word_1_239' title='bbox 548 3025 657 3088; x_wconf 88' lang='lat' dir='ltr'>decem</span> <span class='ocrx_word' id='word_1_240' title='bbox 686 3025 788 3088; x_wconf 90' lang='lat' dir='ltr'>multo</span> <span class='ocrx_word' id='word_1_241' title='bbox 819 3045 896 3088; x_wconf 90' lang='lat' dir='ltr'>auro</span> <span class='ocrx_word' id='word_1_242' title='bbox 925 3026 1125 3108; x_wconf 89' lang='lat' dir='ltr'>argentoque</span> 
     </span>
    </p>

    <p class='ocr_par' dir='ltr' id='par_1_12' title="bbox 61 3111 1127 3547">
     <span class='ocr_line' id='line_1_34' title="bbox 61 3111 1126 3198; baseline -0.005 -17"><span class='ocrx_word' id='word_1_243' title='bbox 61 3136 94 3186; x_wconf 82' lang='lat' dir='ltr'>ra</span> <span class='ocrx_word' id='word_1_244' title='bbox 113 3116 246 3179; x_wconf 85' lang='lat' dir='ltr'>caelata.</span> <span class='ocrx_word' id='word_1_245' title='bbox 280 3112 481 3198; x_wconf 87' lang='lat' dir='ltr'>Sequebatur</span> <span class='ocrx_word' id='word_1_246' title='bbox 502 3112 583 3178; x_wconf 89' lang='lat' dir='ltr'>haec</span> <span class='ocrx_word' id='word_1_247' title='bbox 606 3113 766 3197; x_wconf 89' lang='lat' dir='ltr'>equitatus</span> <span class='ocrx_word' id='word_1_248' title='bbox 790 3111 956 3177; x_wconf 90' lang='lat' dir='ltr'>duodecim</span> <span class='ocrx_word' id='word_1_249' title='bbox 979 3112 1126 3197; x_wconf 88' lang='lat' dir='ltr'>gentium</span> 
     </span>
     <span class='ocr_line' id='line_1_35' title="bbox 113 3199 1125 3283; baseline -0.005 -15"><span class='ocrx_word' id='word_1_250' title='bbox 113 3204 211 3268; x_wconf 84' lang='lat' dir='ltr'>variis</span> <span class='ocrx_word' id='word_1_251' title='bbox 235 3202 333 3267; x_wconf 90' lang='lat' dir='ltr'>armis</span> <span class='ocrx_word' id='word_1_252' title='bbox 357 3206 389 3266; x_wconf 90' lang='lat' dir='ltr'>et</span> <span class='ocrx_word' id='word_1_253' title='bbox 411 3203 563 3267; x_wconf 87' lang='lat' dir='ltr'>moribus.</span> <span class='ocrx_word' id='word_1_254' title='bbox 607 3200 749 3265; x_wconf 87' lang='lat' dir='ltr'>Proximi</span> <span class='ocrx_word' id='word_1_255' title='bbox 771 3201 877 3283; x_wconf 88' lang='lat' dir='ltr'>ibant,</span> <span class='ocrx_word' id='word_1_256' title='bbox 905 3221 985 3283; x_wconf 88' lang='lat' dir='ltr'>quos</span> <span class='ocrx_word' id='word_1_257' title='bbox 1007 3199 1125 3264; x_wconf 88' lang='lat' dir='ltr'>Persae</span> 
     </span>
     <span class='ocr_line' id='line_1_36' title="bbox 113 3287 1127 3371; baseline -0.002 -16"><span class='ocrx_word' id='word_1_258' title='bbox 113 3290 316 3356; x_wconf 89' lang='lat' dir='ltr'>Immortales</span> <span class='ocrx_word' id='word_1_259' title='bbox 339 3293 465 3368; x_wconf 85' lang='lat' dir='ltr'>vocant,</span> <span class='ocrx_word' id='word_1_260' title='bbox 489 3291 529 3354; x_wconf 93' lang='lat' dir='ltr'>ad</span> <span class='ocrx_word' id='word_1_261' title='bbox 548 3289 656 3354; x_wconf 90' lang='lat' dir='ltr'>decem</span> <span class='ocrx_word' id='word_1_262' title='bbox 674 3289 773 3354; x_wconf 85' lang='lat' dir='ltr'>milia</span> <span class='ocrx_word' id='word_1_263' title='bbox 809 3287 923 3354; x_wconf 78' lang='lat' dir='ltr'>Cultus</span> <span class='ocrx_word' id='word_1_264' title='bbox 942 3288 1127 3371; x_wconf 88' lang='lat' dir='ltr'>opulentiae</span> 
     </span>
     <span class='ocr_line' id='line_1_37' title="bbox 113 3376 1127 3462; baseline -0.004 -18"><span class='ocrx_word' id='word_1_265' title='bbox 113 3379 271 3444; x_wconf 89' lang='lat' dir='ltr'>barbarae</span> <span class='ocrx_word' id='word_1_266' title='bbox 293 3401 361 3443; x_wconf 90' lang='lat' dir='ltr'>non</span> <span class='ocrx_word' id='word_1_267' title='bbox 383 3379 463 3443; x_wconf 89' lang='lat' dir='ltr'>alios</span> <span class='ocrx_word' id='word_1_268' title='bbox 485 3379 590 3462; x_wconf 91' lang='lat' dir='ltr'>magis</span> <span class='ocrx_word' id='word_1_269' title='bbox 613 3378 823 3442; x_wconf 88' lang='lat' dir='ltr'>honestabat:</span> <span class='ocrx_word' id='word_1_270' title='bbox 855 3376 903 3440; x_wconf 92' lang='lat' dir='ltr'>illi</span> <span class='ocrx_word' id='word_1_271' title='bbox 927 3396 1039 3440; x_wconf 87' lang='lat' dir='ltr'>aureos</span> <span class='ocrx_word' id='word_1_272' title='bbox 1062 3380 1127 3441; x_wconf 89' lang='lat' dir='ltr'>tor·</span> 
     </span>
     <span class='ocr_line' id='line_1_38' title="bbox 104 3463 1126 3547; baseline 0.004 -22"><span class='ocrx_word' id='word_1_273' title='bbox 104 3486 195 3547; x_wconf 72' lang='lat' dir='ltr'>ques,</span> <span class='ocrx_word' id='word_1_274' title='bbox 217 3467 270 3529; x_wconf 87' lang='lat' dir='ltr'>illi</span> <span class='ocrx_word' id='word_1_275' title='bbox 294 3471 415 3532; x_wconf 76' lang='lat' dir='ltr'>vestem</span> <span class='ocrx_word' id='word_1_276' title='bbox 439 3488 517 3532; x_wconf 87' lang='lat' dir='ltr'>auro</span> <span class='ocrx_word' id='word_1_277' title='bbox 540 3467 727 3531; x_wconf 89' lang='lat' dir='ltr'>distinctam</span> <span class='ocrx_word' id='word_1_278' title='bbox 744 3465 909 3530; x_wconf 88' lang='lat' dir='ltr'>habebant</span> <span class='ocrx_word' id='word_1_279' title='bbox 934 3463 1126 3530; x_wconf 87' lang='lat' dir='ltr'>manicatas·</span> 
     </span>
    </p>

    <p class='ocr_par' dir='ltr' id='par_1_13' title="bbox 21 3551 1126 3641">
     <span class='ocr_line' id='line_1_39' title="bbox 21 3551 1126 3641; baseline -0.004 -20"><span class='ocrx_word' id='word_1_280' title='bbox 21 3557 64 3602; x_wconf 73' lang='lat'>¹¹</span> <span class='ocrx_word' id='word_1_281' title='bbox 84 3564 152 3621; x_wconf 73' lang='lat' dir='ltr'>qne</span> <span class='ocrx_word' id='word_1_282' title='bbox 181 3553 328 3638; x_wconf 62' lang='lat' dir='ltr'>tunicas,</span> <span class='ocrx_word' id='word_1_283' title='bbox 358 3557 507 3641; x_wconf 88' lang='lat' dir='ltr'>gemmis</span> <span class='ocrx_word' id='word_1_284' title='bbox 530 3556 633 3622; x_wconf 89' lang='lat' dir='ltr'>etiam</span> <span class='ocrx_word' id='word_1_285' title='bbox 656 3554 841 3622; x_wconf 80' lang='lat' dir='ltr'>adornatas.</span> <span class='ocrx_word' id='word_1_286' title='bbox 879 3551 1009 3636; x_wconf 67' lang='lat' dir='ltr'>haiguo</span> <span class='ocrx_word' id='word_1_287' title='bbox 1022 3552 1126 3617; x_wconf 72' lang='lat' dir='ltr'>&#39;inter-</span> 
     </span>
    </p>
   </div>
   <div class='ocr_carea' id='block_1_4' title="bbox 0 0 1189 3846">
    <p class='ocr_par' dir='ltr' id='par_1_14' title="bbox 0 0 1189 3846">
     <span class='ocr_line' id='line_1_40' title="bbox 0 0 1189 3846; baseline 0 0"><span class='ocrx_word' id='word_1_288' title='bbox 0 0 1189 3846; x_wconf 95' lang='lat' dir='ltr'> </span> 
     </span>
    </p>
   </div>
  </div>
 </body>
</html>
