2356 3846
252 154 505 212 HISTORIARUM
522 155 737 210 ALEXANDRI
755 156 843 225 VIIII,
862 164 887 216 4.
1013 158 1077 223 237

66 305 199 388 poterat
230 300 362 366 admota
394 304 457 384 est,
487 304 525 366 ut
556 301 685 385 fluctus,
722 302 777 386 qui
810 323 843 367 se
875 303 1080 388 invehebant,

68 392 342 458 everberarentur.
390 387 485 454 Findi
517 389 663 454 crederes
694 390 795 456 undas
823 395 857 456 et
888 395 975 456 retro
1007 413 1080 475 gur-
1100 405 1133 453 14

66 482 155 566 giles
178 479 298 545 cedere
338 477 461 554 Quibus
484 478 616 543 tandem
638 481 731 543 navis
750 484 862 563 erepta
883 502 950 544 non
971 484 1081 547 tamen

65 569 160 723 alt
184 567 894 722 aestimassem
924 569 1081 722 ffla..

64 765 202 811 numero
229 744 399 809 fluminum
426 743 543 828 positis
566 744 784 829 sacrificioque
806 677 894 810 facgto
917 765 990 810 xxx
1016 681 1081 812 aliid

66 834 124 899 dia
147 832 313 918 processit.

10 921 56 991 16
159 920 235 987 Inde
258 924 390 986 ventum
414 923 465 986 est
487 920 522 986 in
543 921 709 1006 regionem
729 919 944 987 Sudracarum
966 922 1081 988 Mallo·
1101 933 1133 982 15

66 1032 220 1094 rumque,
240 1031 320 1094 quos
338 1010 420 1074 alias
438 1009 560 1075 bellare
578 1010 662 1074 inter
678 1031 712 1073 se
727 1011 842 1075 solitos
856 1014 934 1075 tuuc
946 1012 1082 1095 periculi
1154 1032 1158 1039 ·

68 1099 210 1166 societas
229 1099 384 1181 iunxerat.
420 1098 610 1182 Nonaginta
633 1098 725 1162 milia
749 1098 912 1164 iuniorum
938 1101 1081 1182 peditum

66 1190 104 1254 in
127 1186 227 1252 armis
250 1190 356 1271 erant,
378 1190 506 1271 praeter
525 1187 586 1251 hos
610 1186 756 1270 equitum
778 1205 802 1251 x
825 1187 917 1252 milia
938 1209 1081 1274 nongen-

66 1281 188 1360 taeque
206 1275 391 1360 quadrigae.
431 1275 478 1341 At
495 1274 696 1359 Macedones,
716 1276 771 1359 qui
790 1276 879 1340 omni
898 1276 1081 1342 discrimine
1102 1287 1134 1336 16

67 1367 138 1431 iam
156 1363 325 1428 defunctos
345 1384 379 1428 se
398 1384 468 1428 esse
487 1363 701 1446 crediderant,
724 1368 898 1448 postquam
917 1365 1082 1449 integrum

66 1453 196 1519 bellum
232 1473 305 1517 cum
339 1451 548 1517 ferocissimis
581 1451 693 1516 Indiae
730 1453 883 1536 gentibus
914 1476 1082 1538 superesse

67 1544 305 1627 cognoverunt,
336 1540 500 1626 inproviso
530 1543 619 1605 metu
646 1540 753 1604 territi
779 1562 890 1606 rursus
918 1542 1082 1607 seditiosis

66 1631 205 1697 vocibts
223 1649 334 1714 regem
352 1629 517 1712 increpare
535 1633 723 1713 coeperunt:
744 1627 881 1714 Gangen
899 1652 1027 1694 amnem
1042 1634 1083 1714 et,
1103 1641 1135 1690 17

68 1741 154 1806 quae
180 1718 268 1782 ultra
295 1721 420 1801 esseut,
449 1720 598 1782 coactum
620 1717 855 1801 transmittere,
880 1740 947 1782 non
973 1721 1084 1782 tamen

67 1808 197 1890 finisse,
229 1805 285 1871 sed
317 1808 458 1870 mutasse
490 1806 621 1870 bellum.
665 1805 837 1870 Indomitis
869 1807 1020 1890 gentibus
1048 1829 1083 1871 se

69 1896 225 1978 obiectos,
243 1899 280 1959 ut
298 1895 455 1978 sanguiue
475 1915 533 1958 suo
553 1893 714 1978 aperirent
732 1895 761 1958 ei
780 1892 950 1960 Oceanum.
982 1894 1083 1958 Trahi
1104 1904 1136 1954 18

69 1988 164 2051 extra
188 1983 292 2048 sidera
315 1986 348 2047 et
375 1983 477 2047 solem
500 1983 635 2066 cogique
659 1981 759 2066 adire,
790 2004 871 2066 quae
898 1984 1084 2047 mortalium

70 2071 174 2140 oculis
192 2074 310 2137 natura
329 2070 526 2136 subduxerit.
557 2069 658 2135 Novis
676 2070 851 2135 identidem
868 2071 968 2135 armis
981 2093 1083 2136 novos

68 2161 185 2228 hostes
200 2159 347 2225 existere.
370 2159 457 2236 Quos
472 2162 509 2223 ut
523 2181 633 2225 omnes
647 2159 787 2224 fundant
798 2159 985 2243 fugantque,
1000 2159 1085 2244 quod

69 2248 253 2335 praemium
284 2247 373 2331 ipsos
405 2247 558 2311 manere?
596 2247 770 2333 caliginem
801 2269 838 2312 ao
870 2249 1021 2313 tenebras
1053 2252 1086 2311 et

21 2402 25 2406 .
69 2342 262 2424 perpetuam
276 2340 404 2402 noctem
420 2335 579 2419 profundo
593 2335 802 2401 incubantem
816 2338 908 2420 mari,
925 2338 1085 2420 repletum

70 2425 265 2493 immanium
278 2425 445 2489 beluarum
464 2424 619 2510 gregibus
638 2423 766 2507 fretum,
784 2424 959 2489 inmobiles
973 2424 1086 2508 undae,

70 2517 107 2582 in
139 2513 257 2599 quibus
284 2513 443 2577 emoriens
470 2517 591 2577 natura
617 2512 778 2576 defecerit.
826 2512 896 2577 Rex
924 2534 990 2576 nou
1019 2534 1086 2594 sua,
1105 2521 1138 2571 19

72 2603 130 2671 sed
162 2601 303 2667 militum
339 2601 557 2666 sollicitudine
594 2600 708 2665 anxius
745 2599 892 2664 contione
929 2600 1086 2665 advocata

71 2692 181 2775 docet,
219 2689 356 2755 inbelles
393 2711 492 2771 esse,
514 2710 594 2773 quos
634 2692 789 2753 metuant.
842 2688 935 2752 Nihil
972 2688 1086 2753 deiude

11 2834 15 2839 .
71 2782 203 2866 practer
224 2778 284 2842 has
308 2781 421 2863 gentes
441 2777 584 2860 obstare,
608 2776 779 2861 quominus
802 2779 963 2842 terrarum
980 2777 1086 2860 spatia

10 2921 29 2962 Τ
74 2867 197 2935 emensi
220 2866 260 2931 ad
282 2867 379 2931 finem
401 2865 499 2930 simul
522 2865 633 2929 muudi
654 2865 866 2948 laborumque
888 2865 1086 2948 perveniant.

10 2990 27 3053 ᾗ
73 2955 219 3023 (laesisse
240 2975 272 3022 sa
298 2954 365 3019 illis
389 2953 606 3019 metuentibus
631 2952 765 3038 Gangen
789 2957 821 3017 et
845 2953 1086 3018 multitudinem
1104 2962 1139 3013 20

10 3098 31 3141 Β
73 3045 257 3128 nationum,
285 3064 367 3128 quae
393 3043 480 3106 ultra
514 3063 642 3106 amnem
673 3044 792 3107 essent:
820 3041 997 3105 declinasse
1024 3043 1087 3105 iter

74 3155 122 3218 eo,
144 3131 203 3197 ubi
224 3153 284 3216 par
306 3131 426 3214 gloria,
452 3130 559 3196 minus
586 3131 764 3214 periculum
784 3133 879 3194 esset.
920 3128 990 3194 Iam
1013 3152 1086 3214 pro·
1104 3139 1138 3190 21

10 3276 35 3317 ,Β
73 3222 199 3308 spicere
235 3241 271 3285 se
298 3219 476 3303 Oceanum,
511 3219 577 3283 iam
613 3218 749 3303 perflare
780 3217 821 3282 ad
852 3218 942 3301 ipsos
975 3241 1087 3283 auram

10 3308 16 3319 ’
73 3310 185 3376 maris.
216 3307 268 3374 Ne
286 3308 468 3373 inviderent
486 3306 549 3372 sibi
567 3306 705 3390 laudem,
729 3327 823 3389 quam
841 3310 974 3389 peteret.
1006 3305 1086 3371 Her·

10 3391 34 3493 s„
72 3399 156 3466 culis
180 3399 214 3462 et
234 3394 343 3461 Liberi
364 3395 472 3460 Patris
499 3397 655 3460 terminos
682 3396 878 3460 transituros
901 3395 991 3477 illos,
1018 3395 1088 3478 regi

10 3516 32 3579 ,ς-
73 3509 134 3554 suo
168 3504 269 3570 parvo
301 3484 453 3568 inpendio
490 3483 773 3549 immortalitatem
806 3482 913 3548 famae
945 3483 1093 3546 daturos.

10 3622 25 3666 ς
71 3575 269 3642 Paterentur
289 3593 325 3640 so
348 3594 387 3639 ex
409 3571 506 3640 India
527 3571 653 3661 redire,
672 3594 746 3641 nou
763 3571 896 3655 lugere.

10 3188 37 3233 Ξ

12 3364 34 3405 u
