2370 3834
219 145 474 205 msroamaun
490 134 706 204 3333313033
723 145 811 218 333,
829 153 855 203 s.
873 154 898 204 s.
998 146 1065 212 333

51 292 643 465 1111011011111111111113
659 290 1065 465 iffitrttt’ttti

51 470 162 537 vultis.
188 468 228 534 In
246 468 423 534 solitudine
436 469 518 533 mihi
526 430 642 535 'videor
660 490 739 536 esse.
766 468 871 535 Nemo
885 469 1068 554 respondet,

51 579 148 624 nemo
171 557 287 624 saltem
309 561 416 642 negat.
457 556 545 633 Quos
568 558 748 642 adloquor?
776 559 853 643 quid
878 564 988 624 autem
1009 579 1066 642 po·

54 646 164 713 stulu?
199 644 353 711 Vestram
375 645 514 730 gloriam
532 648 565 710 et
584 646 841 732 magnitudinem
858 648 1068 713 vindicamus.

52 735 121 802 Ubi
144 737 221 800 sunt
242 734 308 820 illi,
339 755 475 820 quorum
498 737 664 800 certamen
686 734 783 820 paulo
807 739 881 800 ante
904 735 1119 801 vidimata

52 822 266 908 tendentium,
289 824 345 907 qui
362 823 569 907 potissimum
587 824 750 889 vulnerati
767 824 854 907 regis
877 844 994 907 corpus
1018 845 1069 889 ex·

54 911 221 996 ciperent?
252 911 412 995 desertus,
439 911 615 977 destitutus
641 933 727 994 sum,
756 911 907 977 hostibus
934 911 1070 978 deditus.

55 999 120 1066 Sed
142 1000 231 1066 30133
254 1020 381 1084 quoque
403 999 452 1065 ire
474 1001 698 1084 perseverabo.
740 999 865 1065 Obicite
889 1022 941 1065 me
963 1000 1067 1064 113331-
1085 1009 1119 1059 33

54 1089 151 1154 nibus
183 1092 217 1154 et
246 1087 353 1154 beluis
390 1090 425 1153 et
458 1088 524 1152 illis
561 1089 728 1174 gentibus,
764 1110 900 1175 quarum
936 1089 1071 1154 nomina

55 1177 207 1243 horretis.
250 1174 431 1260 Inveniam,
453 1177 508 1260 qui
532 1176 696 1243 desertum
720 1198 739 1242 a
761 1177 855 1243 vobis
880 1181 1069 1261 sequantur:

56 1264 199 1350 Scythae
216 1263 445 1349 Bactrianique
464 1270 560 1330 erunt
577 1287 712 1341 mecum,
732 1265 844 1332 hostes
867 1267 964 1350 paulo
985 1268 1071 1348 ante,

55 1375 141 1420 nunc
160 1353 280 1419 33111103
298 1355 411 1418 nostri.
452 1352 537 1418 Mori
554 1357 709 1438 praestat,
730 1376 828 1439 quam
845 1355 992 1438 precario
1010 1354 1071 1417 im·
1090 1362 1125 1412 34

57 1447 240 1529 peratorem
264 1464 345 1508 esse.
387 1440 438 1505 Ite
460 1441 593 1506 reduces
616 1443 745 1508 domos!
773 1444 819 1508 ite
842 1444 970 1507 deserto
994 1461 1072 1526 rege

58 1531 208 1598 ovantes!
257 1529 331 1615 Ego
362 1529 417 1594 hic
444 1551 464 1594 a
490 1530 584 1595 vobis
614 1529 804 1614 desperatae
830 1531 987 1597 victoriae
1015 1533 1073 1596 aut

57 1619 216 1685 honestae
238 1619 339 1685 morti
361 1618 469 1683 locum
491 1617 678 1683 inveniam?

484 1776 564 1845 (133.
586 1776 646 1842 ΙΙΙ.

124 1883 199 1965 ,Ne
226 1884 273 1951 sic
301 1884 430 1969 quidem
457 1884 515 1949 3111
542 1883 685 1948 militum
708 1905 771 1949 vox
794 1883 930 1968 exprimi
956 1884 1073 1968 potuit.
1094 1893 1108 1943 1

58 1972 295 2058 Expectabant,
309 1976 346 2038 ut
360 1973 456 2038 duces
470 1973 696 2056 principesque
706 1972 747 2036 ad
761 1992 870 2058 regem
885 1971 1074 2056 perferrent,
1089 2050 1092 2054 λ

59 2062 244 2128 vulneribus
272 2065 305 2126 et
332 2062 484 2127 continuo
516 2061 629 2125 labore
650 2060 795 2136 militiae
825 2060 982 2145 fatigatos
1008 2082 1076 2126 303

59 2151 240 2217 detrectare
262 2151 386 2233 munia,
415 2149 471 2215 sed
499 2150 658 2233 sustinere
680 2171 747 2214 non
773 2170 877 2233 posse.
923 2147 1109 2215 ceres-uma

58 2239 110 2304 illi
122 2242 213 2304 metu
227 2238 360 2303 attoniti
375 2238 410 2301 in
423 2241 545 2302 terram
563 2258 621 2302 ora
633 2238 821 2303 defixerant.
846 2236 952 2324 Igitur
969 2239 1075 2321 primo

60 2328 209 2392 fremitus
242 2330 301 2391 s‘ua
332 2328 461 2411 sponte,
493 2325 607 2389 deinde
640 2327 781 2410 gemitus
813 2348 940 2411 quoque
973 2327 1077 2391 oritur

59 2416 284 2500 paulatimque
320 2414 453 2480 liberius
490 2414 583 2478 dolor
614 2415 697 2497 erigi
728 2414 836 2497 coepit
868 2415 1076 2479 manantibus

60 2503 218 2586 lacrimis,
246 2502 325 2567 adeo
352 2506 389 2567 ut
416 2523 473 2566 rex
498 2502 548 2565 ira
574 2501 610 2564 in
636 2502 890 2566 misericordiam
917 2523 1076 2566 versane

59 2593 133 2678 ipsc
156 2591 298 2675 quidem,
318 2611 513 2675 quamquam
532 2592 675 2673 cuperet,
693 2592 875 2672 temperare
899 2590 1001 2654 oculis
1020 2611 1076 2673 po·

10 2685 51 2750 12
61 2681 170 2746 tuerit.
200 2679 345 2744 Tandem
358 2678 510 2742 universa
523 2676 674 2740 contione
689 2677 818 2741 effusius
836 2676 934 2741 flente
948 2674 1075 2742 Coenus
1093 2687 1110 2736 3

61 2790 160 2835 03333
183 2770 234 2832 031
262 2766 487 2831 cunctantibus
510 2765 625 2831 ceteris
654 2765 788 2849 propius
817 2764 964 2830 tribunal
992 2786 1079 2830 acoe-

62 2858 151 2941 dere,
174 2855 360 2942 significans
380 2876 415 2919 30
437 2853 528 2939 loqui
550 2853 642 2918 velle.
679 2853 782 2930 Quem
804 2857 842 2918 ut
864 2853 971 2918 videre
992 2852 1077 2917 mili·
1095 2864 1113 2913 4

61 2950 113 3012 tes
132 2944 356 3011 detrahentem
374 2943 503 3028 galeam
522 2941 620 3026 capiti
634 2978 677 2988 -
692 2942 740 3006 ita
756 2942 841 3007 enim
860 2961 970 3025 regem
989 2941 1077 3006 adlo-

64 3036 120 3119 qui
142 3055 213 3099 mos
237 3035 287 3097 est
303 3068 341 3080 -
357 3031 484 3096 hortari
505 3033 690 3115 coeperunt,
711 3033 749 3095 ut
768 3052 900 3095 causam
918 3029 1077 3094 0330301133

64 3125 185 3207 ageret.
221 3119 305 3186 'I'um
320 3117 460 3203 Ooenus,
479 3117 547 3182 ‘Dii
560 3117 781 3202 prohibeant',
799 3119 919 3203 inquit,
937 3117 969 3182 ‘a
981 3118 1077 3182 nobis
1096 3127 1113 3178 5

63 3212 171 3295 inpias
198 3213 337 3274 mentes:
366 3212 399 3290 et
425 3206 571 3291 profecto
599 3207 783 3290 prohibent.
832 3206 922 3271 Idem
951 3207 1078 3272 animus

65 3304 116 3365 est
142 3299 223 3383 tuis,
251 3298 307 3382 qui
333 3296 395 3361 fuit
422 3317 561 3380 semper,
588 3294 635 3359 ire
658 3317 722 3380 quo
751 3295 897 3378 iusseris,
924 3314 1080 3378 pugnare,

64 3387 251 3474 periclitari,
261 3385 418 3471 sanguine
426 3389 539 3449 nostro
550 3384 774 3450 commendare
788 3383 972 3468 posteritati
986 3386 1080 3447 tuum

65 3498 194 3546 nomen.
230 3474 369 3540 Proinde
386 3475 416 3538 si
433 3494 631 3557 perseveras,
648 3473 787 3538 inermes
806 3493 932 3557 quoque
951 3475 984 3534 et
1001 3469 1084 3532 nudi

67 3571 101 3634 et
127 3583 302 3650 exangues,
334 3566 510 3651 utcumque
536 3561 604 3630 11101
629 3561 726 3629 cordi
751 3564 825 3643 est,
851 3556 1028 3635 30333303
1048 3550 1117 3604 *ss-X
