2356 3846
225 146 481 203 HISTORIARUM
498 146 716 203 ALEXANDRI
734 146 821 216 Vllll,
841 154 866 204 7.
885 154 909 204 8.
1004 147 1069 211 247

54 295 144 376 turn,
174 291 261 357 inter
291 312 371 374 quoa
408 295 501 356 erant
533 288 662 376 Graeci,
691 290 856 376 Dioxippo
888 293 1070 357 studebant.

54 379 194 447 Macedo
212 379 300 445 iusta
312 401 409 445 -arma
423 384 616 464 sumpserat,
632 402 762 446 aereum
775 381 923 465 clipeum,
941 381 1070 447 hastam

56 490 158 554 quam
186 467 324 535 sarisam
350 472 469 534 vocant
493 469 588 534 laeva
611 473 739 552 tenens,
767 469 899 535 dextera
924 470 1070 535 lanceam

57 556 236 642 gladioque
257 557 399 642 cinctus,
430 558 520 622 velut
547 558 791 642 cumpluribus
819 559 915 623 simul
941 558 1070 623 dimica-

56 651 161 713 turus.
197 644 379 729 Dioxippus
403 646 475 711 oleo
497 645 605 711 nitens
626 650 660 711 et
677 649 849 713 coronatus
868 648 962 712 laeva
979 647 1071 732 puni-
1089 661 1124 709 20

56 755 151 800 ceum
173 734 363 818 mimulam,
386 736 498 801 dextra
520 735 663 801 validum
685 735 906 819 nodosumque
925 737 1070 820 stipitem

56 822 271 907 praeferebat
307 821 357 888 Ea
379 823 452 906 ipsa
469 844 520 888 rea
539 824 683 888 omnium
702 824 827 889 animos
847 824 1070 907 expectatione

57 911 286 996 suspenderat,
309 911 428 997 quippe
447 914 573 977 armato
591 912 744 997 congredi
761 911 882 977 nudum
901 912 1072 996 dementia,

56 1021 125 1065 nen
146 999 314 1065 temeritas
337 999 516 1066 videbatur.
560 999 666 1085 Igitur
684 998 826 1085 Macedo,
849 1000 935 1065 haud
954 1000 1070 1065 dubius
1089 1015 1122 1062 21

57 1089 186 1154 eminus
204 1088 341 1154 interfici
354 1110 459 1174 posse,
476 1089 622 1154 lanceam
636 1088 757 1154 emisit:
776 1110 874 1173 quam
888 1089 1070 1173 Dioxippus

56 1196 133 1243 cum
159 1177 277 1263 exigua
304 1178 448 1261 corporis
475 1177 690 1244 declinatione
718 1178 867 1260 vitasset,
897 1180 1070 1261 antequam

56 1265 115 1331 ille
142 1265 274 1331 hastam
297 1265 490 1331 transferret
512 1267 547 1330 in
569 1267 725 1349 dextram,
748 1265 880 1330 adsiluit
902 1269 936 1330 et
958 1266 1071 1350 stipite

57 1353 201 1421 mediam
223 1375 295 1418 eam
313 1354 422 1437 fregit.
461 1354 593 1419 Amisso
610 1359 748 1439 utroque
766 1355 831 1420 telo
850 1353 982 1419 Macedo
1002 1355 1069 1438 gla-
1089 1367 1122 1416 aa

57 1442 149 1509 dium
175 1446 327 1527 coeperat
353 1443 521 1527 stringere.
571 1442 673 1519 Quem
698 1446 889 1526 occupatum
912 1443 1070 1526 conplexu

56 1530 196 1617 pedibus
213 1534 345 1615 repente
358 1531 525 1596 subductis
540 1531 721 1616 Dioxippus
736 1532 889 1596 arietavit
902 1532 936 1596 in
949 1536 1071 1596 terram

56 1622 234 1705 ereptoque
261 1619 370 1703 gladio
396 1620 510 1703 pedem
537 1641 634 1705 super
660 1619 817 1685 cervicem
839 1621 959 1685 iacenti
979 1622 1070 1703 inpo-

56 1709 134 1792 suit,
156 1708 305 1792 stipitem
326 1708 493 1774 intentans
517 1708 718 1795 elisurusque
737 1729 775 1774 eo
793 1709 924 1792 victum,
946 1709 982 1772 ni
999 1729 1070 1791 pre-

55 1795 183 1863 hibitus
210 1799 298 1861 esset
320 1818 341 1860 a
362 1816 447 1881 rege.
492 1797 611 1862 Tristis
638 1797 817 1881 spectaculi
844 1799 977 1861 eventus
1004 1817 1071 1860 non
1089 1810 1123 1859 23

54 1883 290 1967 Macedonibus
308 1885 414 1970 modo,
436 1885 611 1951 sedetiam
631 1885 817 1951 Alexandro
835 1884 908 1968 fuit,
929 1884 1071 1949 maxime

57 1974 137 2059 quia
154 1973 288 2039 barbari
305 1973 489 2040 adfuerant:
508 1974 627 2058 qnippe
646 1974 841 2039 celebratam
859 1972 1071 2038 Macedonum

55 2061 284 2129 fortitudinem
313 2061 353 2126 ad
375 2062 553 2127 ludibrium
582 2063 736 2128 recidisse
758 2062 939 2127 verebatur.
984 2060 1070 2127 Hinc
1089 2074 1125 2124 24

55 2150 100 2217 ad
117 2150 379 2216 criminationem
392 2150 574 2217 invidorum
589 2151 762 2237 adapertae
776 2153 852 2215 sunt
865 2149 953 2234 regis
968 2171 1071 2215 aures.

55 2238 104 2305 Mt
130 2243 207 2323 pest
225 2259 350 2322 pancos
373 2239 442 2304 dies
465 2239 551 2305 inter
571 2241 683 2325 epulas
707 2260 839 2304 aureum
859 2240 1009 2322 poculum
1033 2260 1071 2302 ex

56 2328 227 2412 conposite
242 2327 432 2392 subducitur
449 2327 662 2413 ministrique,
678 2329 772 2412 quasi
786 2328 971 2393 amisissent
986 2326 1071 2411 qued

57 2419 261 2498 amaveram,
282 2435 394 2501 regern
417 2416 545 2480 adeunt.
596 2414 697 2500 Saepe
719 2417 825 2481 minus
849 2419 899 2480 est
922 2419 1071 2480 constan·
1089 2429 1125 2478 25

56 2505 124 2571 tiae
152 2504 188 2569 in
209 2504 326 2569 rubore
350 2526 447 2588 quam
470 2505 505 2568 in
528 2506 631 2589 culpa.
677 2501 867 2568 Coniectum
896 2504 1072 2585 oculorum,

57 2593 177 2678 quibus
195 2595 233 2657 nt
251 2591 304 2656 fur
323 2590 555 2675 destinabatur,
577 2589 758 2675 Dioxippus
776 2591 860 2656 ferre
878 2612 945 2655 non
962 2592 1071 2674 potuit

57 2684 106 2765 et,
127 2702 203 2746 cnm
225 2680 417 2746 excessisset
435 2680 598 2764 convivio,
621 2679 740 2744 litteris
758 2679 965 2762 conscriptis,
989 2701 1071 2763 quae

55 2769 129 2855 regi
151 2767 372 2851 redderentur,
395 2769 481 2834 ferro
501 2791 536 2834 se
553 2769 728 2834 interemit.
765 2766 914 2833 Graviter
932 2771 1071 2832 mortem
1090 2782 1124 2831 aa

56 2858 128 2923 eius
150 2857 230 2922 tulit
252 2879 321 2940 rex,
344 2857 530 2922 existimans
553 2857 786 2942 indignationis
810 2876 893 2940 ease,
915 2876 982 2921 non
999 2877 1072 2941 pae-

56 2945 218 3013 nitentiae
245 2948 378 3029 testem
404 2947 516 3029 utique
543 2949 716 3029 postquam
743 2943 826 3009 falso
848 2944 1072 3010 insimulatum

57 3055 134 3101 eum
156 3034 294 3100 nimium
316 3033 500 3099 invidorum
524 3033 678 3120 gaudium
701 3032 852 3099 ostendit.

473 3191 551 3259 Car.
575 3192 663 3259 VIII.

10 3295 50 3364 30
148 3299 302 3366 Indorum
325 3300 427 3385 legati
449 3299 573 3365 dimissi
596 3300 709 3364 domos
732 3299 841 3384 paucis
864 3303 939 3384 post
959 3301 1105 3366 diebnsr

58 3410 133 3455 eum
155 3389 248 3455 donis
271 3392 486 3454 revertuntur.
527 3405 592 3455 ccc
615 3391 708 3454 erant
730 3388 864 3472 equites,
886 3407 986 3454 nxxx
1005 3411 1073 3454 cnr·

57 3499 129 3563 rus,
156 3499 237 3563 qnos
264 3477 449 3563 quadriiugi
473 3478 546 3562 equi
569 3476 867 3562 ducebant,'lineae
889 3477 990 3542 vestis
1014 3477 1072 3541 ali-

57 3568 222 3650 quantum,
244 3566 337 3644 mille
360 3569 456 3635 scuta
477 3564 595 3636 Indica
617 3569 652 3635 et
671 3565 757 3635 terri
775 3563 1134 3632 candiditalexaaaa
