2356 3846
488 165 710 229 ..13-

89 326 234 411 respexit
257 327 290 389 et
312 327 344 388 te
368 345 477 389 meum
499 324 602 388 totius
631 322 753 388 saeculi
777 322 934 388 solacium
958 322 1042 388 mihi
1064 344 1110 388 re·

92 415 209 480 stituit.
246 411 348 479 Cedat
371 413 420 491 de,
434 411 550 478 ceteris
573 434 594 477 a
616 411 712 477 corde
735 432 807 477 meo
832 410 938 476 omnis
965 410 1111 497 tristitia,

91 504 168 588 quia
199 503 335 586 dragma
361 501 489 586 perdita
521 505 572 566 est
603 501 735 565 inventa
761 522 821 565 nec
852 503 965 584 potest
990 500 1111 566 habere

91 593 200 657 locum
228 590 379 674 tristitia,
406 590 463 655 ubi
491 611 646 673 praesens
675 593 726 654 est
752 589 858 654 omnis
882 588 1027 673 laetitia3
1056 612 1112 673 per

93 686 137 765 te,
154 681 203 745 fili
221 680 276 764 mi,
296 683 329 744 et
346 699 406 762 per
422 681 516 743 tuum
536 677 711 744 adventum
731 678 809 743 deus
828 677 911 742 mihi
930 677 971 743 de
990 677 1136 744 solarios

94 773 127 834 et
151 768 269 853 gaudio
293 769 367 852 plus
389 766 689 852 incomparabiliter
707 766 854 832 restituit
877 788 977 851 quam
999 766 1112 832 infelix

92 861 169 924 tuae
202 856 396 943 perditionis
431 878 525 921 casus
558 855 597 920 de
630 855 740 921 dolore
772 855 886 920 intulit
913 856 1003 921 cordi
1033 876 1113 940 meo,

93 947 177 1012 unde
198 946 262 1010 sibi
280 945 443 1029 regratior
462 948 495 1010 et
514 966 591 1009 suae
609 945 787 1009 immensae
805 943 943 1027 pietati'.
975 944 1024 1010 Et
1042 966 1111 1010 con·

94 1057 189 1101 versa
218 1034 259 1099 ad
286 1055 421 1098 uxorem
448 1031 658 1099 Constantini
687 1033 793 1117 ipsam
817 1033 970 1098 similiter
994 1032 1110 1099 osculis

95 1128 129 1190 et
166 1123 368 1207 amplexibus
405 1122 529 1207 recepit
565 1121 702 1187 dulciter
738 1121 823 1186 sicut
853 1144 971 1186 nurum
1010 1138 1140 1207 suam;1⁰

95 1215 320 1278 verumtamen
344 1211 428 1275 sieut
451 1212 490 1275 de
513 1209 574 1275 filii
596 1210 842 1294 recuperatione
865 1210 1047 1295 gaudebat,
1067 1211 1110 1274 ita

96 1304 131 1366 et
161 1301 265 1365 multo
298 1299 405 1383 magis
433 1298 473 1363 de
500 1302 612 1364 tantae
639 1298 788 1383 coniugis
816 1320 893 1364 suaa
922 1299 1109 1365 adductione
1153 1294 1155 1301 ’

96 1389 220 1454 scilicet
248 1391 381 1472 propter
409 1409 502 1453 suam
529 1387 674 1471 inopiam
690 1391 736 1453 ‚et
762 1391 897 1472 propter
919 1388 968 1453 rei
990 1387 1109 1473 magni·

94 1478 241 1542 tudinem
255 1498 322 1541 non
336 1477 500 1541 immerito
515 1477 718 1542 tristabatur.
750 1474 861 1540 Nurus
876 1479 987 1541 autem
1002 1477 1110 1541 videns

97 1587 227 1631 socrum
255 1587 347 1630 suam
375 1565 414 1630 de
442 1565 582 1630 adventu
611 1588 669 1630 suo
703 1565 930 1630 contristatam
959 1565 1008 1630 sic
1040 1565 1139 1630 allon

98 1655 259 1740 quebatur
281 1655 386 1738 ipsam
410 1653 534 1718 dicens:

44 1739 87 1803 29
189 1741 343 1808 ‘Domina
370 1764 443 1806 mea
471 1742 652 1826 carissima,
682 1741 721 1807 de
745 1741 887 1806 adventu
915 1764 990 1807 meo
1013 1742 1111 1808 nolite

97 1832 300 1914 contristari,
322 1830 426 1895 nolite
449 1830 591 1895 sollicita
615 1851 696 1895 esse:
735 1829 819 1906 Quid
846 1830 1112 1897 manducabimus

98 1925 132 1987 et
161 1921 237 2005 quid
264 1919 438 1985 bibemus?
481 1917 550 1984 Scit
577 1919 665 1984 enim
692 1922 785 2003 pater
812 1923 926 1985 noster
956 1921 1112 2004 caelestis,

98 2010 153 2094 qui
181 2030 241 2073 nos
269 2009 308 2073 de
336 2008 488 2073 manibus
517 2007 705 2092 iniquorum
734 2011 953 2073 mercatorum
978 2012 1013 2074 et
1036 2009 1141 2094 peri-¹⁸

98 2099 180 2164 culis
200 2097 301 2161 maris
319 2096 480 2181 liberavit,
499 2095 576 2180 quid
594 2096 690 2161 nobis
705 2117 837 2161 neeesse
857 2097 909 2161 sit.
935 2096 1012 2179 Ipse
1033 2097 1113 2164 enim

99 2187 155 2272 qui
186 2186 224 2249 de
252 2186 354 2250 tantis
381 2185 534 2269 perieulis
561 2206 622 2249 nos
653 2184 812 2249 redimere
845 2186 973 2250 curavit
999 2208 1114 2270 nequa·

99 2297 196 2360 quam
219 2273 306 2338 fame
329 2274 510 2338 interficere
534 2273 707 2358 cogitavit,
730 2273 833 2357 ipsius
853 2273 976 2349 etenim
998 2275 1115 2341 incom-

98 2362 334 2448 prehensibilia
361 2364 438 2427 sunt
464 2360 593 2427 iudicia.
640 2359 693 2426 Sic
722 2381 800 2446 ergo
830 2362 926 2447 illud,
960 2363 1049 2448 quod
1080 2362 1114 2427 de

99 2453 194 2517 nobis
215 2451 282 2516 eius
300 2450 615 2535 impraescrutabilis
635 2450 763 2515 consilii
782 2450 922 2515 altitudo
947 2451 1144 2537 disposuit!

66 2561 69 2568 ’
99 2541 282 2606 inevitabili
301 2539 493 2605 necessitate
514 2538 685 2623 adimpleri
708 2538 794 2603 licet.
830 2537 1021 2606 Habeamus
1042 2560 1114 2626 ergo

100 2629 296 2713 patientiam
311 2632 344 2693 et
359 2650 430 2693 cum
451 2628 504 2692 dei
518 2627 679 2692 adiutorio
698 2627 831 2692 tandem
850 2633 998 2694 nostram
1014 2651 1114 2696 emen·

101 2717 215 2782 demus
225 2720 460 2801 paupertatem.
483 2716 556 2802 Ego
568 2716 653 2780 enim
664 2716 798 2781 consilio
809 2738 964 2783 manuum
974 2738 1115 2785 mearum

103 2808 135 2870 et
161 2806 331 2870 laboribus
353 2805 434 2868 meis
458 2826 517 2869 vos
541 2805 660 2870 iuvabo
685 2807 718 2869 et
744 2805 826 2869 bene
850 2808 887 2869 ut
912 2828 1008 2889 spero
1033 2807 1115 2872 adiu·

101 2897 197 2958 vante
216 2893 416 2958 lucrabimus
435 2915 552 2977 panem
570 2896 729 2959 nostrum.
760 2893 806 2958 Et
823 2893 1038 2961 nihilominus
1057 2907 1145 2962 nont

104 2983 235 3046 omnino
254 3003 357 3046 vacua
375 2982 457 3066 veni,
479 2981 534 3046 sed
554 2982 676 3067 aliquid
694 2982 733 3046 de
751 3003 833 3068 mee,
857 3005 921 3068 quo
940 2984 1117 3051 medicante

176 3155 326 3210 raccrde
340 3157 383 3223 D,
403 3156 438 3210 de
453 3155 536 3210 corde
552 3155 588 3211 F.
662 3157 815 3226 3dragma
828 3159 904 3213 codd.
962 3164 997 3213 15
1012 3174 1119 3214 socrum

105 3228 181 3282 codd.
247 3232 279 3282 17
294 3226 450 3281 Rarissima
463 3228 539 3282 codd.
604 3232 638 3282 20
654 3228 683 3282 et
696 3230 802 3283 addidi.
868 3235 900 3282 21
916 3228 1003 3284 maris
1023 3230 1120 3287 libero·

104 3296 149 3352 vit
161 3298 200 3364 D,
218 3313 270 3351 nos
288 3297 424 3354 redimere
444 3297 554 3352 curavit
572 3298 608 3352 F.
682 3304 715 3353 22
734 3314 786 3353 nos
801 3305 864 3354 acte
878 3299 913 3354 de
927 3299 1018 3356 tantis
1028 3301 1122 3373 posuit

106 3368 357 3436 Romulidarum
380 3371 496 3425 codicem
514 3368 552 3424 D.
643 3375 678 3423 30
698 3368 900 3424 nichilominus
919 3373 996 3428 codd.
1089 3377 1121 3428 81

95 3440 245 3499 mediante
264 3442 355 3516 codd,
375 3439 535 3497 medicante
554 3441 664 3497 conari.
