2356 3846
508 206 726 272 ..22-

108 391 180 435 rem
209 369 258 433 ita
288 389 358 432 esse
387 388 461 433 cum
488 367 670 432 iuramento
699 365 877 431 affirmavit
905 368 938 430 et
966 386 1038 430 cum
1069 365 1130 430 im·

108 460 240 542 perator
272 456 362 521 aliud
394 455 436 521 ab
466 477 505 522 eo
532 455 614 521 scire
641 477 707 520 non
737 457 863 539 posset,
895 454 1059 539 quaesivit
1091 455 1129 520 de

108 546 240 612 nomine
271 567 330 612 suo
364 549 398 611 11
430 544 459 609 11
491 566 572 630 quos
609 544 693 610 alios
730 545 852 609 amicos
883 542 1022 608 haberet
1052 547 1130 627 post

111 638 259 701 matrem.
292 634 356 711 Qui
370 634 454 698 dixit
467 633 544 699 sibi:
568 631 817 698 ‘Constantinus
830 653 930 698 vocor
944 655 985 697 ex
997 632 1129 698 nomine

108 745 169 789 nec
187 723 292 789 habeo
312 723 395 787 alios
415 722 538 788 amicos
556 722 623 787 nisi
640 728 779 788 matrem
794 725 828 787 11
840 742 976 787 uxorem
992 737 1154 806 pauper-⁵

111 813 217 878 culam
236 811 427 878 mulierem'.
459 810 642 896 Imperator
660 811 723 876 hoc
742 811 854 876 audito
868 809 1038 875 mandavit
1058 809 1130 894 sibi,

25 902 27 906 ’
110 905 148 966 11
170 905 309 967 matrem
332 923 426 966 suam
449 903 482 965 et
504 922 639 965 uxorem
662 899 704 964 ad
723 900 792 965 eius
815 899 1037 984 praesentim
1059 921 1129 983 per·

48 1033 51 1039 -
110 990 257 1074 duceret,
280 1011 353 1055 cum
376 989 446 1073 ipse
470 989 622 1054 omnibus
646 988 751 1055 modis
774 988 871 1053 huius
889 989 938 1052 rei
956 988 1129 1054 veritatem

109 1079 192 1145 scire
217 1079 325 1144 vellet.

56 1165 99 1229 35
198 1166 432 1234 Constantinus
460 1188 537 1231 vero
560 1169 691 1250 recepto
721 1165 885 1250 imperiali
908 1165 1065 1232 mandato
1088 1164 1160 1230 adn

108 1257 242 1323 domum
270 1278 363 1323 snam
390 1276 538 1321 reversus
565 1259 706 1320 matrem
732 1277 824 1320 suam
858 1257 891 1319 et
917 1276 1055 1320 uxorem
1081 1255 1125 1319 in·

109 1345 204 1410 dutas
231 1345 271 1410 de
298 1342 488 1409 melioribus
509 1344 583 1429 ‘suis
611 1344 757 1409 vestibus
787 1347 820 1409 et
847 1347 981 1408 ornatas
1005 1343 1048 1409 ad
1069 1343 1126 1408 im·

108 1433 270 1517 peratoris
293 1434 513 1516 praesentiam
541 1432 701 1516 perduxit.
743 1431 925 1517 Imperator
953 1437 1066 1498 autem
1087 1431 1126 1497 ad

108 1522 266 1588 Helenam
299 1522 335 1587 in
362 1522 431 1587 eius
464 1521 650 1606 praesentia
680 1523 893 1587 constitutam
925 1521 1022 1586 dixit:
1055 1520 1126 1586 ‘Est

107 1612 242 1695 inquam
259 1611 316 1676 ille
335 1611 461 1676 11111111
480 1610 567 1675 filius
587 1609 701 1675 tuusl’
739 1608 829 1686 Quae
847 1611 1047 1694 respondens
1067 1610 1155 1674 aian

108 1699 196 1783 Ἑ11,
219 1698 371 1765 domine'.
407 1698 499 1764 Dixit
521 1699 716 1783 imperator:
741 1698 835 1775 ‘Quis
858 1701 909 1762 est
927 1699 1017 1764 enim
1035 1702 1125 1782 pater

109 1787 218 1854 eius?’
257 1787 347 1864 Quae
370 1788 539 1872 respondit
561 1788 683 1853 dicens:
721 1787 937 1872 <1111111111
960 1787 1125 1852 111111111-

107 1880 178 1942 1111
201 1898 275 1942 mea
294 1876 334 1942 de
353 1877 491 1961 quodam
512 1876 596 1960 viro,
619 1898 715 1961 quem
734 1877 770 1940 in
792 1877 943 1960 partibus
961 1876 1125 1942 natalibus

109 1967 205 2031 amici
240 1966 305 2030 mei
337 1965 419 2029 mihi
450 1965 486 2030 in
518 1966 674 2030 maritum
708 1965 953 2048 copulaverant,
991 1965 1126 2050 suscepi,

108 2055 163 2138 qui
197 2076 217 2119 a
249 2075 301 2118 me
333 2076 401 2118 non
429 2054 526 2138 longe
553 2057 630 2138 post
657 2075 747 2118 more
773 2053 965 2138 negotiandi
994 2054 1159 2119 recessim

109 2147 141 2207 11
165 2144 276 2208 111111
300 2146 416 2226 postea
432 2165 500 2208 nou
520 2145 570 2207 111
586 2164 745 2207 reversus.
783 2140 818 2207 si
840 2146 988 2208 mortuns
1008 2143 1054 2208 sit
1073 2145 1128 2209 aut

108 2233 212 2315 vivat,
236 2231 313 2296 1111
338 2229 420 2296 scit'.
456 2229 640 2314 Imperator
662 2253 739 2296 vero
757 2252 826 2295 non
848 2230 931 2296 bene
955 2235 1128 2297 contentus

108 2321 148 2385 de
178 2318 389 2404 responsione
418 2318 563 2383 mulieris
587 2319 694 2404 magis
723 2341 822 2403 quam
844 2323 941 2385 antea
965 2319 1130 2386 dubitavit

109 2413 142 2474 11
169 2408 338 2474 mandavit
365 2407 472 2491 ipsam
494 2431 560 2473 una
583 2430 655 2473 curn
684 2407 812 2472 familia
835 2429 893 2473 sua
916 2408 958 2473 ad
980 2429 1130 2475 mensam

109 2520 201 2563 suam
218 2498 305 2562 inter
324 2498 477 2562 mulieres
496 2498 623 2563 nobiles
647 2496 689 2562 ad
708 2497 939 2563 comedendum
957 2497 1130 2564 collocare.
1142 2511 1163 2553 ὕ

56 2578 98 2645 36
196 2586 309 2652 Nurus
332 2589 443 2650 autern
465 2585 608 2651 Helenae
632 2585 850 2669 pulcherrima
866 2586 951 2650 facie
970 2588 1004 2651 11
1027 2586 1129 2670 aptis-

108 2675 192 2740 sima
224 2680 295 2741 erat
326 2674 361 2738 in
393 2695 527 2756 corpore
560 2679 593 2739 et
621 2673 798 2738 secundum
828 2674 1015 2740 nobilitatis
1050 2695 1130 2740 suae

108 2763 331 2829 condicionem
355 2762 571 2827 nobilissimis
595 2763 741 2829 moribus
765 2763 901 2828 erudita.
941 2761 1032 2838 Quae
1056 2763 1130 2829 cum
1161 2796 1165 2803 Δ

108 2856 195 2917 11111
217 2853 304 2916 inter
323 2851 405 2916 alias
429 2850 595 2934 mulieres,
617 2873 684 2915 non
703 2851 789 2916 sicut
807 2852 888 2917 viles
908 2855 941 2917 et
959 2873 1130 2935 pannosae

107 2943 343 3006 consueverunt
366 2939 473 3004 facere
496 2940 663 3025 mulieres,
686 2941 775 3005 cibos
796 2940 889 3006 avide
911 2961 1048 3026 sumere,
1071 2940 1161 3007 1111

107 3028 312 3113 disciplinam
337 3031 369 3092 et
387 3028 598 3093 verecundiae
616 3028 821 3094 honestatem
842 3050 980 3113 sequens
1001 3029 1129 3095 studuit

107 3120 206 3201 prout
233 3139 326 3183 suam
353 3116 562 3182 nobilitatem
590 3117 699 3183 decuit
726 3118 990 3182 mansuetissime
1016 3121 1052 3183 11
1074 3119 1128 3185 de·

181 3280 195 3328 7
215 3273 382 3344 perduceret
400 3274 443 3341 D,
463 3273 616 3328 adduceret
635 3272 671 3329 F.
781 3278 797 3328 8
817 3289 881 3327 cum
903 3274 976 3328 deest
997 3274 1031 3328 ia
1049 3274 1129 3332 codd.

112 3352 145 3401 16
164 3344 230 3401 Post
248 3342 322 3397 dixit
339 3345 437 3400 inserit
454 3344 486 3400 F
502 3344 586 3398 enim.
671 3349 705 3399 20
724 3361 832 3398 morem
850 3343 1016 3414 negotiandi
1035 3345 1131 3417 gratia

85 3415 297 3548 addiriidtli)
297 3416 515 3549 ΞΞ11111111111
529 3432 583 3472 esec
596 3415 723 3472 vocabuli
735 3431 812 3471 more
827 3420 907 3471 11111
920 3417 1037 3473 correxi.
1095 3422 1129 3472 21
