<?xml version="1.0" encoding="UTF-8"?>
<!DOCTYPE html PUBLIC "-//W3C//DTD XHTML 1.0 Transitional//EN"
    "http://www.w3.org/TR/xhtml1/DTD/xhtml1-transitional.dtd">
<html xmlns="http://www.w3.org/1999/xhtml" xml:lang="en" lang="en">
 <head>
  <title>
</title>
<meta http-equiv="Content-Type" content="text/html;charset=utf-8" />
  <meta name='ocr-system' content='tesseract 3.04.00' />
  <meta name='ocr-capabilities' content='ocr_page ocr_carea ocr_par ocr_line ocrx_word'/>
</head>
<body>
  <div class='ocr_page' id='page_1' title='image "./incertiauctoris00heydgoog_0275.png"; bbox 0 0 2356 3846; ppageno 0'>
   <div class='ocr_carea' id='block_1_1' title="bbox 218 166 1070 253">
    <p class='ocr_par' dir='ltr' id='par_1_1' title="bbox 218 166 1070 253">
     <span class='ocr_line' id='line_1_1' title="bbox 218 166 1070 253; baseline 0.014 -17"><span class='ocrx_word' id='word_1_1' title='bbox 218 179 473 238; x_wconf 70' lang='lat' dir='ltr'><strong>surculeum</strong></span> <span class='ocrx_word' id='word_1_2' title='bbox 490 182 708 238; x_wconf 72' lang='lat' dir='ltr'><strong>acerruma</strong></span> <span class='ocrx_word' id='word_1_3' title='bbox 725 182 812 253; x_wconf 83' lang='lat' dir='ltr'><strong>vnn,</strong></span> <span class='ocrx_word' id='word_1_4' title='bbox 831 189 855 241; x_wconf 81' lang='lat'><strong>4.</strong></span> <span class='ocrx_word' id='word_1_5' title='bbox 875 188 900 237; x_wconf 77' lang='lat' dir='ltr'><strong>e.</strong></span> <span class='ocrx_word' id='word_1_6' title='bbox 945 166 947 171; x_wconf 82' lang='lat'>&#39;</span> <span class='ocrx_word' id='word_1_7' title='bbox 1004 182 1070 247; x_wconf 75' lang='lat'><strong>239</strong></span> 
     </span>
    </p>
   </div>
   <div class='ocr_carea' id='block_1_2' title="bbox 52 322 1124 765">
    <p class='ocr_par' dir='ltr' id='par_1_2' title="bbox 52 322 1124 765">
     <span class='ocr_line' id='line_1_2' title="bbox 57 322 1073 413; baseline 0.002 -24"><span class='ocrx_word' id='word_1_8' title='bbox 57 322 289 392; x_wconf 75' lang='lat' dir='ltr'><strong>obruebantur.</strong></span> <span class='ocrx_word' id='word_1_9' title='bbox 338 325 482 391; x_wconf 79' lang='lat' dir='ltr'>Tandem</span> <span class='ocrx_word' id='word_1_10' title='bbox 513 327 769 413; x_wconf 73' lang='lat' dir='ltr'><strong>magnitudinem</strong></span> <span class='ocrx_word' id='word_1_11' title='bbox 801 326 937 412; x_wconf 88' lang='lat' dir='ltr'><strong>periculi</strong></span> <span class='ocrx_word' id='word_1_12' title='bbox 967 326 1073 410; x_wconf 92' lang='lat' dir='ltr'><strong>pudor</strong></span> 
     </span>
     <span class='ocr_line' id='line_1_3' title="bbox 55 412 1071 498; baseline 0 -20"><span class='ocrx_word' id='word_1_13' title='bbox 55 412 150 498; x_wconf 89' lang='lat' dir='ltr'><strong>vicit,</strong></span> <span class='ocrx_word' id='word_1_14' title='bbox 178 412 295 497; x_wconf 89' lang='lat' dir='ltr'><strong>quippe</strong></span> <span class='ocrx_word' id='word_1_15' title='bbox 319 414 493 480; x_wconf 90' lang='lat' dir='ltr'><strong>cernebant</strong></span> <span class='ocrx_word' id='word_1_16' title='bbox 515 416 719 481; x_wconf 77' lang='lat' dir='ltr'><strong>cunctatione</strong></span> <span class='ocrx_word' id='word_1_17' title='bbox 744 439 802 481; x_wconf 89' lang='lat' dir='ltr'><strong>sua</strong></span> <span class='ocrx_word' id='word_1_18' title='bbox 829 415 901 480; x_wconf 91' lang='lat' dir='ltr'><strong>dedi</strong></span> <span class='ocrx_word' id='word_1_19' title='bbox 923 415 1071 480; x_wconf 85' lang='lat' dir='ltr'><strong>hostibus</strong></span> 
     </span>
     <span class='ocr_line' id='line_1_4' title="bbox 54 499 1124 586; baseline -0.002 -20"><span class='ocrx_word' id='word_1_20' title='bbox 54 520 177 586; x_wconf 87' lang='lat' dir='ltr'><strong>regem.</strong></span> <span class='ocrx_word' id='word_1_21' title='bbox 214 499 277 567; x_wconf 78' lang='lat' dir='ltr'><strong>Sed</strong></span> <span class='ocrx_word' id='word_1_22' title='bbox 295 502 478 568; x_wconf 86' lang='lat' dir='ltr'><strong>festinando</strong></span> <span class='ocrx_word' id='word_1_23' title='bbox 499 504 708 570; x_wconf 90' lang='lat' dir='ltr'><strong>morabantur</strong></span> <span class='ocrx_word' id='word_1_24' title='bbox 727 504 854 570; x_wconf 87' lang='lat' dir='ltr'><strong>auxilia.</strong></span> <span class='ocrx_word' id='word_1_25' title='bbox 890 502 976 569; x_wconf 90' lang='lat' dir='ltr'><strong>Nam</strong></span> <span class='ocrx_word' id='word_1_26' title='bbox 995 503 1070 567; x_wconf 93' lang='lat' dir='ltr'><strong>dum</strong></span> <span class='ocrx_word' id='word_1_27' title='bbox 1089 515 1124 564; x_wconf 82' lang='lat'><strong>33</strong></span> 
     </span>
     <span class='ocr_line' id='line_1_5' title="bbox 53 591 1071 676; baseline 0.001 -22"><span class='ocrx_word' id='word_1_28' title='bbox 53 611 116 674; x_wconf 88' lang='lat' dir='ltr'><strong>pro</strong></span> <span class='ocrx_word' id='word_1_29' title='bbox 140 610 177 655; x_wconf 84' lang='lat' dir='ltr'><strong>se</strong></span> <span class='ocrx_word' id='word_1_30' title='bbox 200 591 335 674; x_wconf 91' lang='lat' dir='ltr'><strong>quisque</strong></span> <span class='ocrx_word' id='word_1_31' title='bbox 357 596 461 657; x_wconf 85' lang='lat' dir='ltr'><strong>certat</strong></span> <span class='ocrx_word' id='word_1_32' title='bbox 483 593 631 676; x_wconf 88' lang='lat' dir='ltr'><strong>evadere,</strong></span> <span class='ocrx_word' id='word_1_33' title='bbox 658 615 832 658; x_wconf 84' lang='lat' dir='ltr'><strong>oneravere</strong></span> <span class='ocrx_word' id='word_1_34' title='bbox 858 592 975 675; x_wconf 85' lang='lat' dir='ltr'><strong>scalas,</strong></span> <span class='ocrx_word' id='word_1_35' title='bbox 998 592 1071 676; x_wconf 92' lang='lat' dir='ltr'><strong>quis</strong></span> 
     </span>
     <span class='ocr_line' id='line_1_6' title="bbox 52 677 1072 765; baseline 0.002 -23"><span class='ocrx_word' id='word_1_36' title='bbox 52 699 122 743; x_wconf 92' lang='lat' dir='ltr'><strong>non</strong></span> <span class='ocrx_word' id='word_1_37' title='bbox 145 677 382 744; x_wconf 84' lang='lat' dir='ltr'><strong>sufficientibus</strong></span> <span class='ocrx_word' id='word_1_38' title='bbox 408 679 551 746; x_wconf 91' lang='lat' dir='ltr'><strong>devoluti</strong></span> <span class='ocrx_word' id='word_1_39' title='bbox 573 683 701 746; x_wconf 89' lang='lat' dir='ltr'><strong>unicam</strong></span> <span class='ocrx_word' id='word_1_40' title='bbox 725 703 815 765; x_wconf 89' lang='lat' dir='ltr'><strong>spem</strong></span> <span class='ocrx_word' id='word_1_41' title='bbox 838 681 926 764; x_wconf 88' lang='lat' dir='ltr'><strong>regis</strong></span> <span class='ocrx_word' id='word_1_42' title='bbox 952 680 1072 744; x_wconf 81' lang='lat' dir='ltr'><strong>fefella</strong></span> 
     </span>
    </p>
   </div>
   <div class='ocr_carea' id='block_1_3' title="bbox 52 762 1073 922">
    <p class='ocr_par' dir='ltr' id='par_1_3' title="bbox 52 762 1073 922">
     <span class='ocr_line' id='line_1_7' title="bbox 52 762 1073 855; baseline 0 -23"><span class='ocrx_word' id='word_1_43' title='bbox 52 769 144 833; x_wconf 80' lang='lat' dir='ltr'><strong>runt</strong></span> <span class='ocrx_word' id='word_1_44' title='bbox 189 762 306 832; x_wconf 82' lang='lat' dir='ltr'><strong>Stabat</strong></span> <span class='ocrx_word' id='word_1_45' title='bbox 328 770 415 833; x_wconf 90' lang='lat' dir='ltr'><strong>enim</strong></span> <span class='ocrx_word' id='word_1_46' title='bbox 437 769 472 832; x_wconf 92' lang='lat' dir='ltr'><strong>in</strong></span> <span class='ocrx_word' id='word_1_47' title='bbox 495 774 669 855; x_wconf 91' lang='lat' dir='ltr'><strong>conspectu</strong></span> <span class='ocrx_word' id='word_1_48' title='bbox 691 771 778 836; x_wconf 91' lang='lat' dir='ltr'><strong>tanti</strong></span> <span class='ocrx_word' id='word_1_49' title='bbox 800 769 958 834; x_wconf 88' lang='lat' dir='ltr'><strong>exercitus</strong></span> <span class='ocrx_word' id='word_1_50' title='bbox 982 770 1073 834; x_wconf 89' lang='lat' dir='ltr'><strong>velut</strong></span> 
     </span>
     <span class='ocr_line' id='line_1_8' title="bbox 52 854 497 922; baseline 0.004 -3"><span class='ocrx_word' id='word_1_51' title='bbox 52 854 92 919; x_wconf 89' lang='lat' dir='ltr'><strong>in</strong></span> <span class='ocrx_word' id='word_1_52' title='bbox 113 854 291 921; x_wconf 82' lang='lat' dir='ltr'><strong>solitudine</strong></span> <span class='ocrx_word' id='word_1_53' title='bbox 313 855 497 922; x_wconf 87' lang='lat' dir='ltr'><strong>destitutus.</strong></span> 
     </span>
    </p>
   </div>
   <div class='ocr_carea' id='block_1_4' title="bbox 495 1014 637 1082">
    <p class='ocr_par' dir='ltr' id='par_1_4' title="bbox 495 1014 637 1082">
     <span class='ocr_line' id='line_1_9' title="bbox 495 1014 637 1082; baseline 0 0"><span class='ocrx_word' id='word_1_54' title='bbox 495 1014 574 1082; x_wconf 78' lang='lat' dir='ltr'><strong>(lna</strong></span> <span class='ocrx_word' id='word_1_55' title='bbox 596 1016 637 1082; x_wconf 89' lang='lat' dir='ltr'><strong>V.</strong></span> 
     </span>
    </p>
   </div>
   <div class='ocr_carea' id='block_1_5' title="bbox 37 1120 1122 3687">
    <p class='ocr_par' dir='ltr' id='par_1_5' title="bbox 37 1120 1112 3504">
     <span class='ocr_line' id='line_1_10' title="bbox 37 1120 1106 1207; baseline -0.004 -16"><span class='ocrx_word' id='word_1_56' title='bbox 37 1130 46 1191; x_wconf 87' lang='lat' dir='ltr'><strong>l</strong></span> <span class='ocrx_word' id='word_1_57' title='bbox 145 1120 281 1207; x_wconf 88' lang='lat' dir='ltr'><strong>Iamque</strong></span> <span class='ocrx_word' id='word_1_58' title='bbox 311 1122 456 1205; x_wconf 89' lang='lat' dir='ltr'><strong>laevam,</strong></span> <span class='ocrx_word' id='word_1_59' title='bbox 488 1142 552 1205; x_wconf 85' lang='lat' dir='ltr'><strong>qua</strong></span> <span class='ocrx_word' id='word_1_60' title='bbox 584 1123 723 1206; x_wconf 89' lang='lat' dir='ltr'><strong>clipeum</strong></span> <span class='ocrx_word' id='word_1_61' title='bbox 757 1122 797 1187; x_wconf 92' lang='lat' dir='ltr'><strong>ad</strong></span> <span class='ocrx_word' id='word_1_62' title='bbox 827 1123 911 1187; x_wconf 88' lang='lat' dir='ltr'><strong>ictus</strong></span> <span class='ocrx_word' id='word_1_63' title='bbox 939 1124 1106 1189; x_wconf 90' lang='lat' dir='ltr'><strong>circum-1</strong></span> 
     </span>
     <span class='ocr_line' id='line_1_11' title="bbox 56 1208 1072 1296; baseline 0.003 -22"><span class='ocrx_word' id='word_1_64' title='bbox 56 1208 199 1296; x_wconf 88' lang='lat' dir='ltr'><strong>ferebat,</strong></span> <span class='ocrx_word' id='word_1_65' title='bbox 232 1211 412 1276; x_wconf 84' lang='lat' dir='ltr'><strong>lassaverat</strong></span> <span class='ocrx_word' id='word_1_66' title='bbox 443 1210 659 1275; x_wconf 87' lang='lat' dir='ltr'><strong>clamantibus</strong></span> <span class='ocrx_word' id='word_1_67' title='bbox 691 1211 818 1296; x_wconf 88' lang='lat' dir='ltr'><strong>amicis,</strong></span> <span class='ocrx_word' id='word_1_68' title='bbox 846 1215 884 1276; x_wconf 91' lang='lat' dir='ltr'><strong>ut</strong></span> <span class='ocrx_word' id='word_1_69' title='bbox 915 1211 955 1277; x_wconf 88' lang='lat' dir='ltr'><strong>ad</strong></span> <span class='ocrx_word' id='word_1_70' title='bbox 982 1212 1072 1296; x_wconf 89' lang='lat' dir='ltr'><strong>ipsos</strong></span> 
     </span>
     <span class='ocr_line' id='line_1_12' title="bbox 58 1298 1073 1382; baseline 0 -18"><span class='ocrx_word' id='word_1_71' title='bbox 58 1298 218 1382; x_wconf 84' lang='lat' dir='ltr'><strong>desiliret,</strong></span> <span class='ocrx_word' id='word_1_72' title='bbox 238 1298 435 1382; x_wconf 83' lang='lat' dir='ltr'><strong>stabantque</strong></span> <span class='ocrx_word' id='word_1_73' title='bbox 454 1300 632 1382; x_wconf 86' lang='lat' dir='ltr'><strong>excepturi:</strong></span> <span class='ocrx_word' id='word_1_74' title='bbox 653 1320 725 1364; x_wconf 92' lang='lat' dir='ltr'><strong>cum</strong></span> <span class='ocrx_word' id='word_1_75' title='bbox 743 1300 801 1366; x_wconf 93' lang='lat' dir='ltr'><strong>ille</strong></span> <span class='ocrx_word' id='word_1_76' title='bbox 818 1321 888 1364; x_wconf 89' lang='lat' dir='ltr'><strong>rem</strong></span> <span class='ocrx_word' id='word_1_77' title='bbox 906 1321 1003 1364; x_wconf 91' lang='lat' dir='ltr'><strong>ausus</strong></span> <span class='ocrx_word' id='word_1_78' title='bbox 1022 1303 1073 1365; x_wconf 90' lang='lat' dir='ltr'><strong>est</strong></span> 
     </span>
     <span class='ocr_line' id='line_1_13' title="bbox 56 1386 1073 1473; baseline -0.001 -20"><span class='ocrx_word' id='word_1_79' title='bbox 56 1386 283 1453; x_wconf 88' lang='lat' dir='ltr'><strong>incredibilem</strong></span> <span class='ocrx_word' id='word_1_80' title='bbox 298 1390 394 1470; x_wconf 89' lang='lat' dir='ltr'><strong>atque</strong></span> <span class='ocrx_word' id='word_1_81' title='bbox 406 1387 587 1452; x_wconf 87' lang='lat' dir='ltr'><strong>inauditam</strong></span> <span class='ocrx_word' id='word_1_82' title='bbox 600 1388 767 1471; x_wconf 89' lang='lat' dir='ltr'><strong>multoque</strong></span> <span class='ocrx_word' id='word_1_83' title='bbox 781 1388 886 1473; x_wconf 88' lang='lat' dir='ltr'><strong>magis</strong></span> <span class='ocrx_word' id='word_1_84' title='bbox 897 1389 937 1453; x_wconf 89' lang='lat' dir='ltr'><strong>ad</strong></span> <span class='ocrx_word' id='word_1_85' title='bbox 950 1388 1073 1453; x_wconf 84' lang='lat' dir='ltr'><strong>famam</strong></span> 
     </span>
     <span class='ocr_line' id='line_1_14' title="bbox 57 1474 1107 1561; baseline -0.005 -20"><span class='ocrx_word' id='word_1_86' title='bbox 57 1475 255 1541; x_wconf 87' lang='lat' dir='ltr'><strong>temeritatis</strong></span> <span class='ocrx_word' id='word_1_87' title='bbox 274 1497 372 1561; x_wconf 87' lang='lat' dir='ltr'><strong>quam</strong></span> <span class='ocrx_word' id='word_1_88' title='bbox 391 1476 529 1559; x_wconf 84' lang='lat' dir='ltr'><strong>gloriam</strong></span> <span class='ocrx_word' id='word_1_89' title='bbox 542 1474 714 1560; x_wconf 78' lang='lat' dir='ltr'><strong>insignem.</strong></span> <span class='ocrx_word' id='word_1_90' title='bbox 745 1474 894 1560; x_wconf 92' lang='lat' dir='ltr'><strong>Namque</strong></span> <span class='ocrx_word' id='word_1_91' title='bbox 911 1476 947 1540; x_wconf 92' lang='lat' dir='ltr'><strong>in</strong></span> <span class='ocrx_word' id='word_1_92' title='bbox 959 1476 1073 1542; x_wconf 92' lang='lat' dir='ltr'><strong>urbem</strong></span> <span class='ocrx_word' id='word_1_93' title='bbox 1092 1488 1107 1536; x_wconf 82' lang='lat' dir='ltr'><strong>a</strong></span> 
     </span>
     <span class='ocr_line' id='line_1_15' title="bbox 59 1563 1074 1648; baseline 0 -19"><span class='ocrx_word' id='word_1_94' title='bbox 59 1564 206 1630; x_wconf 84' lang='lat' dir='ltr'><strong>hostium</strong></span> <span class='ocrx_word' id='word_1_95' title='bbox 218 1563 349 1648; x_wconf 88' lang='lat' dir='ltr'><strong>plenam</strong></span> <span class='ocrx_word' id='word_1_96' title='bbox 366 1563 536 1647; x_wconf 86' lang='lat' dir='ltr'><strong>praecipiti</strong></span> <span class='ocrx_word' id='word_1_97' title='bbox 550 1565 637 1628; x_wconf 90' lang='lat' dir='ltr'><strong>saltu</strong></span> <span class='ocrx_word' id='word_1_98' title='bbox 652 1564 823 1648; x_wconf 90' lang='lat' dir='ltr'><strong>semetipse</strong></span> <span class='ocrx_word' id='word_1_99' title='bbox 837 1565 982 1648; x_wconf 82' lang='lat' dir='ltr'><strong>immisit,</strong></span> <span class='ocrx_word' id='word_1_100' title='bbox 1001 1586 1074 1629; x_wconf 90' lang='lat' dir='ltr'><strong>cum</strong></span> 
     </span>
     <span class='ocr_line' id='line_1_16' title="bbox 58 1652 1073 1737; baseline -0.003 -18"><span class='ocrx_word' id='word_1_101' title='bbox 58 1653 115 1719; x_wconf 89' lang='lat' dir='ltr'><strong>vix</strong></span> <span class='ocrx_word' id='word_1_102' title='bbox 136 1673 268 1737; x_wconf 83' lang='lat' dir='ltr'><strong>sperare</strong></span> <span class='ocrx_word' id='word_1_103' title='bbox 295 1655 419 1736; x_wconf 88' lang='lat' dir='ltr'><strong>posset,</strong></span> <span class='ocrx_word' id='word_1_104' title='bbox 447 1652 654 1716; x_wconf 89' lang='lat' dir='ltr'><strong>dimicantem</strong></span> <span class='ocrx_word' id='word_1_105' title='bbox 678 1656 764 1718; x_wconf 84' lang='lat' dir='ltr'><strong>certe</strong></span> <span class='ocrx_word' id='word_1_106' title='bbox 787 1656 821 1717; x_wconf 93' lang='lat' dir='ltr'><strong>et</strong></span> <span class='ocrx_word' id='word_1_107' title='bbox 843 1672 910 1716; x_wconf 94' lang='lat' dir='ltr'><strong>non</strong></span> <span class='ocrx_word' id='word_1_108' title='bbox 933 1653 1073 1718; x_wconf 88' lang='lat' dir='ltr'><strong>inultum</strong></span> 
     </span>
     <span class='ocr_line' id='line_1_17' title="bbox 55 1740 1074 1825; baseline -0.002 -18"><span class='ocrx_word' id='word_1_109' title='bbox 55 1752 131 1807; x_wconf 80' lang='lat' dir='ltr'><strong>&#39;asae</strong></span> <span class='ocrx_word' id='word_1_110' title='bbox 148 1742 356 1806; x_wconf 89' lang='lat' dir='ltr'><strong>moriturum:</strong></span> <span class='ocrx_word' id='word_1_111' title='bbox 379 1741 498 1825; x_wconf 89' lang='lat' dir='ltr'><strong>quippe</strong></span> <span class='ocrx_word' id='word_1_112' title='bbox 517 1744 690 1824; x_wconf 85' lang='lat' dir='ltr'><strong>antequam</strong></span> <span class='ocrx_word' id='word_1_113' title='bbox 708 1740 912 1825; x_wconf 86' lang='lat' dir='ltr'><strong>adsurgeret,</strong></span> <span class='ocrx_word' id='word_1_114' title='bbox 933 1741 1074 1825; x_wconf 89' lang='lat' dir='ltr'><strong>opprimi</strong></span> 
     </span>
     <span class='ocr_line' id='line_1_18' title="bbox 59 1826 1109 1916; baseline -0.005 -21"><span class='ocrx_word' id='word_1_115' title='bbox 59 1832 191 1916; x_wconf 89' lang='lat' dir='ltr'><strong>poterat</strong></span> <span class='ocrx_word' id='word_1_116' title='bbox 209 1832 243 1894; x_wconf 90' lang='lat' dir='ltr'><strong>et</strong></span> <span class='ocrx_word' id='word_1_117' title='bbox 260 1830 333 1914; x_wconf 89' lang='lat' dir='ltr'><strong>capi</strong></span> <span class='ocrx_word' id='word_1_118' title='bbox 350 1829 451 1894; x_wconf 90' lang='lat' dir='ltr'><strong>vivus.</strong></span> <span class='ocrx_word' id='word_1_119' title='bbox 488 1826 550 1892; x_wconf 84' lang='lat' dir='ltr'><strong>Sed</strong></span> <span class='ocrx_word' id='word_1_120' title='bbox 571 1828 657 1893; x_wconf 89' lang='lat' dir='ltr'><strong>forte</strong></span> <span class='ocrx_word' id='word_1_121' title='bbox 678 1829 726 1893; x_wconf 92' lang='lat' dir='ltr'><strong>ita</strong></span> <span class='ocrx_word' id='word_1_122' title='bbox 748 1829 925 1894; x_wconf 86' lang='lat' dir='ltr'><strong>libraverat</strong></span> <span class='ocrx_word' id='word_1_123' title='bbox 947 1843 1109 1914; x_wconf 80' lang='lat' dir='ltr'><strong>corpus,e</strong></span> 
     </span>
     <span class='ocr_line' id='line_1_19' title="bbox 59 1915 1074 2002; baseline -0.003 -17"><span class='ocrx_word' id='word_1_124' title='bbox 59 1922 97 1985; x_wconf 88' lang='lat' dir='ltr'><strong>ut</strong></span> <span class='ocrx_word' id='word_1_125' title='bbox 114 1939 150 1984; x_wconf 87' lang='lat' dir='ltr'><strong>sa</strong></span> <span class='ocrx_word' id='word_1_126' title='bbox 172 1917 309 2002; x_wconf 87' lang='lat' dir='ltr'><strong>podibus</strong></span> <span class='ocrx_word' id='word_1_127' title='bbox 329 1917 497 2001; x_wconf 85' lang='lat' dir='ltr'><strong>exciperet.</strong></span> <span class='ocrx_word' id='word_1_128' title='bbox 535 1915 649 2000; x_wconf 87' lang='lat' dir='ltr'><strong>Itaque</strong></span> <span class='ocrx_word' id='word_1_129' title='bbox 668 1920 759 1982; x_wconf 84' lang='lat' dir='ltr'><strong>stans</strong></span> <span class='ocrx_word' id='word_1_130' title='bbox 782 1917 844 1982; x_wconf 89' lang='lat' dir='ltr'><strong>init</strong></span> <span class='ocrx_word' id='word_1_131' title='bbox 865 1938 1009 2002; x_wconf 90' lang='lat' dir='ltr'><strong>pugnam</strong></span> <span class='ocrx_word' id='word_1_132' title='bbox 1033 1920 1074 2001; x_wconf 83' lang='lat' dir='ltr'><strong>ct,</strong></span> 
     </span>
     <span class='ocr_line' id='line_1_20' title="bbox 59 2003 1110 2091; baseline -0.005 -18"><span class='ocrx_word' id='word_1_133' title='bbox 59 2028 100 2074; x_wconf 89' lang='lat' dir='ltr'><strong>ne</strong></span> <span class='ocrx_word' id='word_1_134' title='bbox 118 2005 285 2072; x_wconf 88' lang='lat' dir='ltr'><strong>circumiri</strong></span> <span class='ocrx_word' id='word_1_135' title='bbox 301 2010 425 2091; x_wconf 92' lang='lat' dir='ltr'><strong>posset,</strong></span> <span class='ocrx_word' id='word_1_136' title='bbox 443 2004 576 2070; x_wconf 85' lang='lat' dir='ltr'><strong>fortuna</strong></span> <span class='ocrx_word' id='word_1_137' title='bbox 593 2005 789 2088; x_wconf 90' lang='lat' dir='ltr'><strong>providerat.</strong></span> <span class='ocrx_word' id='word_1_138' title='bbox 818 2003 958 2070; x_wconf 87' lang='lat' dir='ltr'><strong>Vetusta</strong></span> <span class='ocrx_word' id='word_1_139' title='bbox 976 2006 1074 2071; x_wconf 90' lang='lat' dir='ltr'><strong>arbor</strong></span> <span class='ocrx_word' id='word_1_140' title='bbox 1093 2019 1110 2068; x_wconf 86' lang='lat'>4</span> 
     </span>
     <span class='ocr_line' id='line_1_21' title="bbox 60 2093 1075 2179; baseline -0.003 -18"><span class='ocrx_word' id='word_1_141' title='bbox 60 2095 147 2161; x_wconf 85' lang='lat' dir='ltr'><strong>hond</strong></span> <span class='ocrx_word' id='word_1_142' title='bbox 168 2095 283 2179; x_wconf 90' lang='lat' dir='ltr'><strong>procul</strong></span> <span class='ocrx_word' id='word_1_143' title='bbox 305 2116 398 2159; x_wconf 91' lang='lat' dir='ltr'><strong>muro</strong></span> <span class='ocrx_word' id='word_1_144' title='bbox 422 2115 531 2158; x_wconf 90' lang='lat' dir='ltr'><strong>ramos</strong></span> <span class='ocrx_word' id='word_1_145' title='bbox 554 2094 660 2158; x_wconf 91' lang='lat' dir='ltr'><strong>multa</strong></span> <span class='ocrx_word' id='word_1_146' title='bbox 688 2093 802 2158; x_wconf 86' lang='lat' dir='ltr'><strong>fronde</strong></span> <span class='ocrx_word' id='word_1_147' title='bbox 825 2094 962 2159; x_wconf 89' lang='lat' dir='ltr'><strong>vestitos</strong></span> <span class='ocrx_word' id='word_1_148' title='bbox 985 2096 1075 2159; x_wconf 91' lang='lat' dir='ltr'><strong>velut</strong></span> 
     </span>
     <span class='ocr_line' id='line_1_22' title="bbox 60 2182 1076 2267; baseline -0.002 -18"><span class='ocrx_word' id='word_1_149' title='bbox 60 2183 101 2249; x_wconf 88' lang='lat' dir='ltr'><strong>de</strong></span> <span class='ocrx_word' id='word_1_150' title='bbox 127 2182 290 2249; x_wconf 89' lang='lat' dir='ltr'><strong>industria</strong></span> <span class='ocrx_word' id='word_1_151' title='bbox 310 2202 422 2265; x_wconf 88' lang='lat' dir='ltr'><strong>regem</strong></span> <span class='ocrx_word' id='word_1_152' title='bbox 449 2184 656 2267; x_wconf 88' lang='lat' dir='ltr'><strong>protegentes</strong></span> <span class='ocrx_word' id='word_1_153' title='bbox 680 2183 856 2247; x_wconf 85' lang='lat' dir='ltr'><strong>obiecerat:</strong></span> <span class='ocrx_word' id='word_1_154' title='bbox 883 2182 979 2247; x_wconf 89' lang='lat' dir='ltr'><strong>huius</strong></span> <span class='ocrx_word' id='word_1_155' title='bbox 1004 2205 1076 2267; x_wconf 91' lang='lat' dir='ltr'><strong>spa-</strong></span> 
     </span>
     <span class='ocr_line' id='line_1_23' title="bbox 58 2270 1077 2355; baseline -0.006 -16"><span class='ocrx_word' id='word_1_156' title='bbox 58 2274 146 2339; x_wconf 88' lang='lat' dir='ltr'><strong>tioso</strong></span> <span class='ocrx_word' id='word_1_157' title='bbox 180 2271 287 2355; x_wconf 87' lang='lat' dir='ltr'><strong>stipiti</strong></span> <span class='ocrx_word' id='word_1_158' title='bbox 323 2291 439 2354; x_wconf 89' lang='lat' dir='ltr'><strong>corpus</strong></span> <span class='ocrx_word' id='word_1_159' title='bbox 474 2272 528 2351; x_wconf 92' lang='lat' dir='ltr'><strong>[ne</strong></span> <span class='ocrx_word' id='word_1_160' title='bbox 560 2271 722 2336; x_wconf 88' lang='lat' dir='ltr'><strong>circumiri</strong></span> <span class='ocrx_word' id='word_1_161' title='bbox 753 2272 877 2354; x_wconf 90' lang='lat' dir='ltr'><strong>posset]</strong></span> <span class='ocrx_word' id='word_1_162' title='bbox 911 2270 1077 2354; x_wconf 85' lang='lat' dir='ltr'><strong>adplicuit,</strong></span> 
     </span>
     <span class='ocr_line' id='line_1_24' title="bbox 58 2359 1075 2446; baseline -0.003 -19"><span class='ocrx_word' id='word_1_163' title='bbox 58 2362 167 2446; x_wconf 88' lang='lat' dir='ltr'><strong>clipeo</strong></span> <span class='ocrx_word' id='word_1_164' title='bbox 193 2360 275 2446; x_wconf 91' lang='lat' dir='ltr'><strong>tela,</strong></span> <span class='ocrx_word' id='word_1_165' title='bbox 304 2380 386 2444; x_wconf 91' lang='lat' dir='ltr'><strong>quae</strong></span> <span class='ocrx_word' id='word_1_166' title='bbox 410 2380 449 2423; x_wconf 87' lang='lat' dir='ltr'><strong>ex</strong></span> <span class='ocrx_word' id='word_1_167' title='bbox 472 2359 605 2424; x_wconf 89' lang='lat' dir='ltr'><strong>adverso</strong></span> <span class='ocrx_word' id='word_1_168' title='bbox 632 2359 877 2444; x_wconf 90' lang='lat' dir='ltr'><strong>ingerebantur,</strong></span> <span class='ocrx_word' id='word_1_169' title='bbox 904 2360 1075 2443; x_wconf 88' lang='lat' dir='ltr'><strong>excipiens.</strong></span> 
     </span>
     <span class='ocr_line' id='line_1_25' title="bbox 58 2447 1110 2531; baseline -0.008 -16"><span class='ocrx_word' id='word_1_170' title='bbox 58 2448 148 2515; x_wconf 89' lang='lat' dir='ltr'><strong>Nam</strong></span> <span class='ocrx_word' id='word_1_171' title='bbox 179 2466 255 2514; x_wconf 90' lang='lat' dir='ltr'><strong>cum</strong></span> <span class='ocrx_word' id='word_1_172' title='bbox 284 2469 387 2512; x_wconf 91' lang='lat' dir='ltr'><strong>unum</strong></span> <span class='ocrx_word' id='word_1_173' title='bbox 417 2447 530 2531; x_wconf 89' lang='lat' dir='ltr'><strong>procul</strong></span> <span class='ocrx_word' id='word_1_174' title='bbox 561 2450 612 2512; x_wconf 90' lang='lat' dir='ltr'><strong>tot</strong></span> <span class='ocrx_word' id='word_1_175' title='bbox 643 2469 759 2512; x_wconf 89' lang='lat' dir='ltr'><strong>manus</strong></span> <span class='ocrx_word' id='word_1_176' title='bbox 791 2450 951 2531; x_wconf 90' lang='lat' dir='ltr'><strong>peterent,</strong></span> <span class='ocrx_word' id='word_1_177' title='bbox 981 2458 1110 2512; x_wconf 78' lang='lat' dir='ltr'><strong>nemos</strong></span> 
     </span>
     <span class='ocr_line' id='line_1_26' title="bbox 57 2535 1076 2619; baseline -0.005 -15"><span class='ocrx_word' id='word_1_178' title='bbox 57 2542 174 2604; x_wconf 86' lang='lat' dir='ltr'><strong>tamen</strong></span> <span class='ocrx_word' id='word_1_179' title='bbox 196 2536 338 2601; x_wconf 89' lang='lat' dir='ltr'><strong>audebat</strong></span> <span class='ocrx_word' id='word_1_180' title='bbox 359 2536 494 2619; x_wconf 89' lang='lat' dir='ltr'><strong>propius</strong></span> <span class='ocrx_word' id='word_1_181' title='bbox 517 2535 678 2600; x_wconf 87' lang='lat' dir='ltr'><strong>accedere:</strong></span> <span class='ocrx_word' id='word_1_182' title='bbox 701 2536 838 2599; x_wconf 90' lang='lat' dir='ltr'><strong>missilia</strong></span> <span class='ocrx_word' id='word_1_183' title='bbox 859 2536 959 2600; x_wconf 88' lang='lat' dir='ltr'><strong>ramis</strong></span> <span class='ocrx_word' id='word_1_184' title='bbox 982 2536 1076 2618; x_wconf 88' lang='lat' dir='ltr'><strong>plura</strong></span> 
     </span>
     <span class='ocr_line' id='line_1_27' title="bbox 53 2623 1112 2712; baseline -0.009 -19"><span class='ocrx_word' id='word_1_185' title='bbox 53 2646 161 2712; x_wconf 83' lang='lat' dir='ltr'><strong>quam</strong></span> <span class='ocrx_word' id='word_1_186' title='bbox 188 2625 293 2710; x_wconf 92' lang='lat' dir='ltr'><strong>clipeo</strong></span> <span class='ocrx_word' id='word_1_187' title='bbox 320 2623 515 2688; x_wconf 90' lang='lat' dir='ltr'><strong>incidebant.</strong></span> <span class='ocrx_word' id='word_1_188' title='bbox 554 2623 726 2707; x_wconf 89' lang='lat' dir='ltr'><strong>Pugnabat</strong></span> <span class='ocrx_word' id='word_1_189' title='bbox 752 2645 812 2706; x_wconf 93' lang='lat' dir='ltr'><strong>pro</strong></span> <span class='ocrx_word' id='word_1_190' title='bbox 834 2643 912 2706; x_wconf 89' lang='lat' dir='ltr'><strong>rege</strong></span> <span class='ocrx_word' id='word_1_191' title='bbox 934 2624 1112 2707; x_wconf 78' lang='lat' dir='ltr'><strong>primumo</strong></span> 
     </span>
     <span class='ocr_line' id='line_1_28' title="bbox 58 2710 1076 2795; baseline -0.006 -14"><span class='ocrx_word' id='word_1_192' title='bbox 58 2714 218 2781; x_wconf 87' lang='lat' dir='ltr'><strong>celebrati</strong></span> <span class='ocrx_word' id='word_1_193' title='bbox 249 2712 392 2778; x_wconf 91' lang='lat' dir='ltr'><strong>nominis</strong></span> <span class='ocrx_word' id='word_1_194' title='bbox 418 2712 521 2795; x_wconf 86' lang='lat' dir='ltr'><strong>fama,</strong></span> <span class='ocrx_word' id='word_1_195' title='bbox 551 2710 666 2776; x_wconf 90' lang='lat' dir='ltr'><strong>deinde</strong></span> <span class='ocrx_word' id='word_1_196' title='bbox 693 2711 891 2795; x_wconf 87' lang='lat' dir='ltr'><strong>desperatio,</strong></span> <span class='ocrx_word' id='word_1_197' title='bbox 921 2732 1076 2795; x_wconf 89' lang='lat' dir='ltr'><strong>magnum</strong></span> 
     </span>
     <span class='ocr_line' id='line_1_29' title="bbox 59 2797 1111 2870; baseline -0.009 0"><span class='ocrx_word' id='word_1_198' title='bbox 59 2804 102 2870; x_wconf 88' lang='lat' dir='ltr'><strong>ad</strong></span> <span class='ocrx_word' id='word_1_199' title='bbox 128 2802 268 2869; x_wconf 86' lang='lat' dir='ltr'><strong>honeste</strong></span> <span class='ocrx_word' id='word_1_200' title='bbox 291 2800 492 2867; x_wconf 89' lang='lat' dir='ltr'><strong>moriendum</strong></span> <span class='ocrx_word' id='word_1_201' title='bbox 518 2800 774 2865; x_wconf 90' lang='lat' dir='ltr'><strong>incitamentum.</strong></span> <span class='ocrx_word' id='word_1_202' title='bbox 816 2797 877 2864; x_wconf 83' lang='lat' dir='ltr'><strong>Sed</strong></span> <span class='ocrx_word' id='word_1_203' title='bbox 904 2820 977 2863; x_wconf 91' lang='lat' dir='ltr'><strong>cum</strong></span> <span class='ocrx_word' id='word_1_204' title='bbox 1000 2800 1111 2863; x_wconf 77' lang='lat' dir='ltr'><strong>sub-v</strong></span> 
     </span>
     <span class='ocr_line' id='line_1_30' title="bbox 60 2887 1076 2972; baseline -0.005 -15"><span class='ocrx_word' id='word_1_205' title='bbox 60 2891 137 2957; x_wconf 91' lang='lat' dir='ltr'><strong>inde</strong></span> <span class='ocrx_word' id='word_1_206' title='bbox 159 2890 268 2957; x_wconf 88' lang='lat' dir='ltr'><strong>hostis</strong></span> <span class='ocrx_word' id='word_1_207' title='bbox 291 2889 459 2972; x_wconf 90' lang='lat' dir='ltr'><strong>adflueret,</strong></span> <span class='ocrx_word' id='word_1_208' title='bbox 486 2889 553 2953; x_wconf 93' lang='lat' dir='ltr'><strong>iam</strong></span> <span class='ocrx_word' id='word_1_209' title='bbox 580 2887 744 2972; x_wconf 90' lang='lat' dir='ltr'><strong>ingentem</strong></span> <span class='ocrx_word' id='word_1_210' title='bbox 770 2888 836 2952; x_wconf 90' lang='lat' dir='ltr'><strong>vim</strong></span> <span class='ocrx_word' id='word_1_211' title='bbox 858 2888 999 2952; x_wconf 88' lang='lat' dir='ltr'><strong>telorum</strong></span> <span class='ocrx_word' id='word_1_212' title='bbox 1024 2910 1076 2952; x_wconf 88' lang='lat' dir='ltr'><strong>ex-</strong></span> 
     </span>
     <span class='ocr_line' id='line_1_31' title="bbox 60 2976 1077 3066; baseline -0.006 -20"><span class='ocrx_word' id='word_1_213' title='bbox 60 2984 195 3066; x_wconf 83' lang='lat' dir='ltr'><strong>ceperat</strong></span> <span class='ocrx_word' id='word_1_214' title='bbox 227 2979 347 3062; x_wconf 86' lang='lat' dir='ltr'><strong>clipeo,</strong></span> <span class='ocrx_word' id='word_1_215' title='bbox 379 2978 446 3042; x_wconf 93' lang='lat' dir='ltr'><strong>iam</strong></span> <span class='ocrx_word' id='word_1_216' title='bbox 478 2977 605 3061; x_wconf 89' lang='lat' dir='ltr'><strong>galeam</strong></span> <span class='ocrx_word' id='word_1_217' title='bbox 637 2998 714 3041; x_wconf 88' lang='lat' dir='ltr'><strong>saxa</strong></span> <span class='ocrx_word' id='word_1_218' title='bbox 742 2976 979 3061; x_wconf 86' lang='lat' dir='ltr'><strong>perfregerant,</strong></span> <span class='ocrx_word' id='word_1_219' title='bbox 1010 2977 1077 3041; x_wconf 89' lang='lat' dir='ltr'><strong>iam</strong></span> 
     </span>
     <span class='ocr_line' id='line_1_32' title="bbox 60 3064 1111 3151; baseline -0.009 -16"><span class='ocrx_word' id='word_1_220' title='bbox 60 3071 216 3135; x_wconf 86' lang='lat' dir='ltr'><strong>continuo</strong></span> <span class='ocrx_word' id='word_1_221' title='bbox 248 3067 361 3132; x_wconf 90' lang='lat' dir='ltr'><strong>labore</strong></span> <span class='ocrx_word' id='word_1_222' title='bbox 393 3069 529 3151; x_wconf 90' lang='lat' dir='ltr'><strong>gravata</strong></span> <span class='ocrx_word' id='word_1_223' title='bbox 561 3084 668 3149; x_wconf 89' lang='lat' dir='ltr'><strong>genua</strong></span> <span class='ocrx_word' id='word_1_224' title='bbox 701 3065 910 3131; x_wconf 84' lang='lat' dir='ltr'><strong>succiderant</strong></span> <span class='ocrx_word' id='word_1_225' title='bbox 961 3064 1111 3149; x_wconf 79' lang='lat' dir='ltr'><strong>Itaques</strong></span> 
     </span>
     <span class='ocr_line' id='line_1_33' title="bbox 61 3153 1077 3242; baseline -0.008 -17"><span class='ocrx_word' id='word_1_226' title='bbox 61 3156 279 3242; x_wconf 88' lang='lat' dir='ltr'><strong>contemptim</strong></span> <span class='ocrx_word' id='word_1_227' title='bbox 302 3158 336 3220; x_wconf 91' lang='lat' dir='ltr'><strong>et</strong></span> <span class='ocrx_word' id='word_1_228' title='bbox 358 3155 487 3219; x_wconf 87' lang='lat' dir='ltr'><strong>incaute</strong></span> <span class='ocrx_word' id='word_1_229' title='bbox 510 3154 566 3238; x_wconf 87' lang='lat' dir='ltr'><strong>qui</strong></span> <span class='ocrx_word' id='word_1_230' title='bbox 592 3153 732 3237; x_wconf 86' lang='lat' dir='ltr'><strong>proximi</strong></span> <span class='ocrx_word' id='word_1_231' title='bbox 755 3157 913 3219; x_wconf 84' lang='lat' dir='ltr'><strong>steterant</strong></span> <span class='ocrx_word' id='word_1_232' title='bbox 936 3154 1077 3219; x_wconf 91' lang='lat' dir='ltr'><strong>incurre-</strong></span> 
     </span>
     <span class='ocr_line' id='line_1_34' title="bbox 59 3242 1077 3330; baseline -0.008 -16"><span class='ocrx_word' id='word_1_233' title='bbox 59 3250 152 3313; x_wconf 83' lang='lat' dir='ltr'><strong>runt:</strong></span> <span class='ocrx_word' id='word_1_234' title='bbox 175 3267 194 3310; x_wconf 91' lang='lat' dir='ltr'><strong>e</strong></span> <span class='ocrx_word' id='word_1_235' title='bbox 218 3245 334 3330; x_wconf 90' lang='lat' dir='ltr'><strong>quibus</strong></span> <span class='ocrx_word' id='word_1_236' title='bbox 357 3243 437 3308; x_wconf 88' lang='lat' dir='ltr'><strong>duos</strong></span> <span class='ocrx_word' id='word_1_237' title='bbox 461 3242 569 3326; x_wconf 85' lang='lat' dir='ltr'><strong>gladio</strong></span> <span class='ocrx_word' id='word_1_238' title='bbox 588 3243 636 3306; x_wconf 94' lang='lat' dir='ltr'><strong>ita</strong></span> <span class='ocrx_word' id='word_1_239' title='bbox 654 3242 793 3326; x_wconf 83' lang='lat' dir='ltr'><strong>excepit,</strong></span> <span class='ocrx_word' id='word_1_240' title='bbox 815 3245 947 3307; x_wconf 82' lang='lat' dir='ltr'><strong>utente</strong></span> <span class='ocrx_word' id='word_1_241' title='bbox 969 3243 1077 3326; x_wconf 88' lang='lat' dir='ltr'><strong>ipsum</strong></span> 
     </span>
     <span class='ocr_line' id='line_1_35' title="bbox 63 3329 1077 3418; baseline -0.008 -15"><span class='ocrx_word' id='word_1_242' title='bbox 63 3336 231 3403; x_wconf 81' lang='lat' dir='ltr'><strong>exanimes</strong></span> <span class='ocrx_word' id='word_1_243' title='bbox 249 3331 506 3418; x_wconf 86' lang='lat' dir='ltr'><strong>procumberent.</strong></span> <span class='ocrx_word' id='word_1_244' title='bbox 545 3329 615 3396; x_wconf 90' lang='lat' dir='ltr'><strong>Nec</strong></span> <span class='ocrx_word' id='word_1_245' title='bbox 637 3331 785 3414; x_wconf 87' lang='lat' dir='ltr'><strong>cuiquam</strong></span> <span class='ocrx_word' id='word_1_246' title='bbox 808 3331 921 3396; x_wconf 88' lang='lat' dir='ltr'><strong>deinde</strong></span> <span class='ocrx_word' id='word_1_247' title='bbox 943 3331 1077 3415; x_wconf 89' lang='lat' dir='ltr'><strong>propius</strong></span> 
     </span>
     <span class='ocr_line' id='line_1_36' title="bbox 61 3418 1076 3504; baseline -0.009 -13"><span class='ocrx_word' id='word_1_248' title='bbox 61 3422 249 3493; x_wconf 84' lang='lat' dir='ltr'><strong>incessendi</strong></span> <span class='ocrx_word' id='word_1_249' title='bbox 267 3442 339 3485; x_wconf 91' lang='lat' dir='ltr'><strong>eum</strong></span> <span class='ocrx_word' id='word_1_250' title='bbox 362 3421 489 3485; x_wconf 90' lang='lat' dir='ltr'><strong>animus</strong></span> <span class='ocrx_word' id='word_1_251' title='bbox 512 3418 587 3484; x_wconf 82' lang='lat' dir='ltr'><strong>fuit:</strong></span> <span class='ocrx_word' id='word_1_252' title='bbox 611 3419 723 3503; x_wconf 90' lang='lat' dir='ltr'><strong>procul</strong></span> <span class='ocrx_word' id='word_1_253' title='bbox 745 3419 853 3484; x_wconf 89' lang='lat' dir='ltr'><strong>iacula</strong></span> <span class='ocrx_word' id='word_1_254' title='bbox 874 3421 1076 3504; x_wconf 89' lang='lat' dir='ltr'><strong>sagittasque</strong></span> 
     </span>
    </p>

    <p class='ocr_par' dir='ltr' id='par_1_6' title="bbox 37 3508 1122 3687">
     <span class='ocr_line' id='line_1_37' title="bbox 37 3508 1122 3596; baseline -0.017 -14"><span class='ocrx_word' id='word_1_255' title='bbox 37 3511 251 3581; x_wconf 67' lang='lat' dir='ltr'><strong>omittebant</strong></span> <span class='ocrx_word' id='word_1_256' title='bbox 293 3509 356 3574; x_wconf 91' lang='lat' dir='ltr'><strong>llle</strong></span> <span class='ocrx_word' id='word_1_257' title='bbox 383 3509 424 3574; x_wconf 93' lang='lat' dir='ltr'><strong>ad</strong></span> <span class='ocrx_word' id='word_1_258' title='bbox 452 3529 563 3574; x_wconf 89' lang='lat' dir='ltr'><strong>omnes</strong></span> <span class='ocrx_word' id='word_1_259' title='bbox 589 3508 676 3576; x_wconf 87' lang='lat' dir='ltr'><strong>ictus</strong></span> <span class='ocrx_word' id='word_1_260' title='bbox 704 3509 874 3596; x_wconf 74' lang='lat' dir='ltr'><strong>expositus</strong></span> <span class='ocrx_word' id='word_1_261' title='bbox 894 3529 971 3570; x_wconf 81' lang='lat' dir='ltr'><strong>non</strong></span> <span class='ocrx_word' id='word_1_262' title='bbox 986 3519 1122 3584; x_wconf 59' lang='lat' dir='ltr'><strong>segnes</strong></span> 
     </span>
     <span class='ocr_line' id='line_1_38' title="bbox 58 3589 1119 3687; baseline -0.009 -21"><span class='ocrx_word' id='word_1_263' title='bbox 58 3609 167 3666; x_wconf 76' lang='lat' dir='ltr'><strong>tammo</strong></span> <span class='ocrx_word' id='word_1_264' title='bbox 200 3600 369 3680; x_wconf 77' lang='lat' dir='ltr'><strong>exceptum</strong></span> <span class='ocrx_word' id='word_1_265' title='bbox 403 3599 596 3685; x_wconf 88' lang='lat' dir='ltr'><strong>poplitibus</strong></span> <span class='ocrx_word' id='word_1_266' title='bbox 630 3622 755 3687; x_wconf 90' lang='lat' dir='ltr'><strong>corpus</strong></span> <span class='ocrx_word' id='word_1_267' title='bbox 788 3597 974 3673; x_wconf 71' lang='lat' dir='ltr'><strong>tuebatur,</strong></span> <span class='ocrx_word' id='word_1_268' title='bbox 1006 3589 1119 3648; x_wconf 56' lang='lat' dir='ltr'><strong>bum</strong></span> 
     </span>
    </p>
   </div>
   <div class='ocr_carea' id='block_1_6' title="bbox 0 0 1183 3846">
    <p class='ocr_par' dir='ltr' id='par_1_7' title="bbox 0 0 1183 3846">
     <span class='ocr_line' id='line_1_39' title="bbox 0 0 1183 3846; baseline 0 0"><span class='ocrx_word' id='word_1_269' title='bbox 0 0 1183 3846; x_wconf 95' lang='lat' dir='ltr'><strong> </strong></span> 
     </span>
    </p>
   </div>
  </div>
 </body>
</html>
