2356 3846
124 170 169 234 48
500 165 533 232 Q.
552 164 662 223 busur
679 163 766 222 aum

127 314 259 400 sanguis
296 334 427 380 manare
464 312 571 396 coepit
606 312 756 377 omnibus
787 310 923 395 territis,
959 310 1035 395 quia
1065 331 1143 395 non,

127 425 224 488 quam
248 404 312 467 alte
334 403 536 487 penetrasset
553 402 663 484 telum,
685 400 785 464 lorica
808 399 959 464 obstante
982 418 1143 486 cognove-

126 495 210 556 rant
254 489 328 574 Ipse
359 512 400 555 ne
433 490 498 555 oris
530 489 659 573 quidem
691 490 797 554 colore
828 490 954 552 mutato
984 488 1144 591 supprimi

76 602 109 651 ιι
128 579 319 663 sanguinem
354 583 386 643 ct
417 579 535 642 vulnus
565 577 702 661 obligari
728 575 831 641 iussit
875 574 941 640 Diu
968 576 1081 641 ante
1071 597 1145 660 ipsa

129 669 222 752 signa
245 668 297 731 vel
319 667 521 732 dissimulato
544 666 596 729 vel
616 666 702 729 victo
721 664 831 729 dolore
850 664 1047 748 perstiterat,
1070 685 1143 729 cum

129 776 319 840 suppressus
342 756 439 840 paulo
468 757 543 819 ante
570 753 703 838 sanguis
729 752 978 836 medicamento,
1007 773 1071 836 quo
1094 773 1143 817 re·

128 847 237 919 tentus
261 846 343 926 erat,
371 864 502 907 manare
525 842 647 927 largius
680 841 797 924 coepit,
830 844 863 905 et
893 841 1025 924 viduus,
1057 841 1143 925 quod

128 935 241 1015 tepens
265 932 370 996 adhuc
393 930 537 996 dolorem
559 951 627 995 uon
649 933 802 1010 moverat,
824 928 963 1014 frigente
982 929 1144 1014 sanguine

76 1040 110 1089 ιο
128 1019 291 1084 intumuit.
329 1018 447 1102 Linqui
468 1018 584 1082 deinde
607 1018 715 1083 animo
738 1021 770 1081 ct
792 1017 941 1082 submitti
963 1037 1050 1102 genu
1073 1038 1144 1082 coe-

128 1108 190 1190 pit:
215 1128 309 1190 quem
331 1107 470 1190 proximi
493 1109 660 1190 exceptum
682 1106 717 1169 in
740 1108 846 1169 castra
867 1108 1066 1190 receperunt.
1098 1104 1144 1170 Et

128 1193 218 1259 Betis
245 1195 449 1260 interfectum
476 1198 566 1259 ratus
593 1194 706 1258 urbem
734 1214 835 1258 ovans
857 1193 994 1258 victoria
1016 1193 1143 1278 repetit.

76 1283 175 1351 21At
206 1282 390 1347 Alexander
427 1283 572 1349 nondum
607 1285 777 1364 percurato
743 1282 945 1347 tvulnere
982 1302 1143 1367 aggerem,
1152 1280 1178 1345 2:

129 1391 192 1454 quo
215 1372 379 1435 moenium
402 1370 605 1435 altitudinem
626 1373 787 1522 aequaret,
809 1370 966 1435 exstruxit
982 1370 1142 1453 pluribus·

76 1479 109 1527 ιι
129 1480 191 1541 que
223 1459 378 1523 cuniculis
405 1481 514 1523 muros
541 1458 688 1523 subrui
678 1459 781 1522 lussit
826 1456 988 1542 Oppidani
1015 1458 1057 1523 ad
1080 1460 1141 1560 pri·

129 1546 250 1609 stinum
280 1547 449 1632 fastigium
478 1548 642 1612 moenium
673 1568 794 1611 novum
826 1549 1009 1612 exstruxere
1038 1547 1143 1613 muni·

85 1636 218 1698 ment
219 1656 287 1718 um,
320 1633 376 1699 sed
405 1656 446 1699 ne
477 1635 511 1699 id
542 1635 672 1720 quidem
702 1638 808 1698 turres
841 1635 954 1720 aggeri
984 1635 1142 1718 inpositas

129 1725 259 1806 poterat
281 1744 427 1807 aequare.
462 1722 576 1807 Itaque
599 1723 754 1788 interiora
772 1743 898 1806 quoque
916 1722 1005 1788 urbis
1022 1723 1143 1788 infesta

17 1866 21 1874 .
76 1830 110 1879 ιι
128 1810 202 1874 telis
225 1814 327 1875 erant.
363 1810 486 1876 Ultima
507 1812 609 1895 pestis
630 1811 718 1875 urbis
737 1811 800 1874 fuit
818 1811 966 1876 cuniculo
989 1811 1143 1877 subrutus

128 1919 249 1982 murus,
271 1920 329 1983 per
352 1900 441 1963 cuius
464 1900 575 1964 ruinas
598 1899 702 1963 hostis
723 1898 865 1963 intravit.
903 1898 1053 1964 Ducebat
1074 1900 1143 1984 ipse

129 2007 185 2049 rex
212 1987 444 2070 antesignanos
471 1990 517 2069 et,
549 1987 625 2051 dum
651 1986 810 2051 incautius
839 1986 939 2069 subit,
968 2009 1046 2053 saxo
1070 2009 1143 2052 crue

76 2095 111 2143 ιι
129 2073 198 2137 eius
231 2073 402 2158 adfligitur.
451 2072 584 2138 Innixus
615 2078 726 2139 tamen
756 2075 822 2140 telo
849 2075 994 2139 nondum
1026 2076 1143 2160 prioris

128 2161 271 2225 vulneris
299 2161 437 2227 obducta
464 2162 611 2226 cicatrice
634 2162 719 2227 inter
740 2162 896 2246 primores
918 2163 1064 2250 dimicat,
1094 2165 1144 2229 ira

129 2269 256 2332 quoque
289 2270 455 2326 accensus,
488 2250 574 2334 quod
606 2251 669 2315 duo
700 2252 736 2314 in
763 2250 930 2317 obsidione
957 2251 1047 2316 urbis
1073 2251 1143 2318 eius

76 2358 111 2407 ss
128 2337 263 2400 vulnera
285 2341 460 2419 acceperat.
497 2336 603 2403 Betim
623 2339 754 2423 egregia
776 2338 863 2403 edita
885 2359 996 2425 pugna
1018 2341 1143 2406 multis·

7 2492 12 2501 l
130 2446 191 2507 que
214 2425 400 2489 vulneribus
424 2426 605 2491 confectum
628 2426 837 2491 deseruerunt
859 2427 923 2491 sui:
950 2447 1010 2493 nec
1031 2432 1144 2493 tamen

129 2512 261 2598 segnius
283 2513 441 2596 proelium
464 2514 655 2597 capessebat
676 2514 808 2580 lubricis
827 2516 925 2579 armis
944 2536 1003 2582 suo
1021 2517 1145 2601 pariter

76 2623 110 2671 se
130 2605 225 2684 atque
252 2600 396 2665 hostium
424 2602 590 2686 sanguine.
635 2600 698 2666 Sed
726 2624 798 2668 cum
825 2603 966 2687 undique
992 2605 1067 2670 telis
1088 2626 1142 2688 pe·

129 2694 253 2771 teremwr
287 2691 331 2754 ad
350 2694 540 2770 postremae
565 2689 721 2756 ιιιιιιιιι
747 2691 863 2757 ambus
888 2693 976 2758 υιιιιι
1001 2693 1038 2758 ιιι
1058 2698 1143 2776 pole·

128 2782 237 2842 statem
259 2777 339 2842 bost'
315 2782 392 2842 tcum
408 2780 556 2860 pervasit.
592 2778 663 2855 Quo
687 2779 824 2861 adducto
847 2780 1002 2845 insolenti
1023 2781 1142 2883 gaudio

128 2865 253 2928 iuvenis
281 2866 345 2928 alat
331 2869 396 2948 tus,
429 2867 508 2930 alias
536 2866 665 2931 virtutis
693 2846 827 2932 etiam
817 2889 852 2931 ιιι
878 2867 973 2933 hoste
999 2869 1142 2952 mirator,

129 2949 234 3035 Non,
261 2955 299 3017 ut
316 2953 462 3018 voluisti’
463 2954 652 3039 ,inquies
658 2955 819 3040 morieris,
849 2955 905 3020 scd
928 2955 1119 3042 quidquid
1108 2980 1142 3022 ιιι

17 3101 19 3105 .
128 3002 333 3122 captiium
323 3043 461 3105 rnveniri
492 3046 613 3126 potest,
644 3065 814 3127 passurum
847 3064 916 3109 csse
947 3048 980 3109 te
1012 3045 1140 3132 cogita’.

76 3148 110 3196 ιι
129 3126 187 3190 Ille
216 3149 283 3192 non
310 3128 359 3192 int
360 3131 457 3194 errito
422 3131 589 3214 tmodo,
617 3131 673 3197 sed
695 3132 878 3198 contumaci
900 3154 1028 3217 quoque
1049 3135 1141 3199 vultu

129 3215 259 3279 intuens
282 3236 405 3301 regem,
432 3219 556 3283 nullam
578 3219 619 3283 ad
641 3220 746 3284 minas
769 3221 838 3286 eius
860 3220 1000 3286 reddidit
1020 3243 1140 3288 vocem.

77 3324 110 3373 ae
129 3302 213 3368 Tum
233 3304 423 3388 Alexander,
447 3304 626 3372 Videtisne
650 3309 849 3374 obstinatum
872 3308 912 3373 ad
934 3309 1140 3375 tacendumi'

128 3391 248 3475 inquit,
284 3391 376 3456 uum
409 3414 494 3478 genu
526 3395 659 3478 posuit?
704 3418 783 3461 num
819 3417 931 3463 vocem
962 3399 1140 3484 supplicem

114 3479 236 3539 misit?
263 3479 437 3547 Vincamt
423 3487 533 3549 tamen
556 3484 773 3549 silentiumet
759 3488 819 3550 ιιι
810 3485 917 3549 nihil
937 3485 1033 3571 aliud,
1056 3491 1140 3553 certe

38 3571 80 3617 29
93 3563 229 3634 gemitu
252 3567 505 3654 interpellabo?
541 3573 600 3641 Ira
622 3574 740 3641 deinde
761 3573 887 3640 uertit'
880 3594 921 3636 ιιι
936 3573 1085 3636 rabiem
1078 3597 1147 3638 nm
