2356 3846
112 163 152 226 ιι
296 240 300 249 ¹
482 162 514 229 o.
534 161 644 218 couri
662 163 749 218 surr

109 309 274 392 pulsamus
306 263 452 373 inlatum.
505 277 708 372 Iactamur
698 309 835 372 msicem
866 310 1021 374 varietate
1055 310 1119 375 for·

109 401 215 461 tunae
259 395 457 460 Videlicet'
447 397 632 480 rmperium‚
664 397 739 480 quia
770 400 896 461 mutuo
911 397 1118 483 adfectamus,

57 505 90 554 ιι
110 507 175 549 una
197 505 276 569 gens
298 503 366 549 non
388 485 483 567 capit.
528 482 684 566 Ceterum,
710 485 835 548 etiamsi
859 506 931 568 spes
954 506 1023 550 non
1045 487 1119 550 sub·
1129 485 1167 555 55

110 576 207 656 esset,
229 573 403 636 necessitas
425 576 535 636 tamen
558 573 721 636 stimulare
744 573 885 636 deberet:
912 573 955 637 ad
977 577 1119 640 extrema

109 665 298 744 perventum
321 665 378 725 est.
422 660 492 724 Mat
478 664 560 724 trem
582 681 697 744 meam,
719 666 797 724 duas
819 660 911 744 filias,
936 660 1095 727 Ochum
1085 685 1119 726 nr

111 770 201 831 spem
222 748 317 812 huius
340 749 466 832 imperii
488 749 646 832 genitum,
668 749 838 832 principes,
860 749 950 812 illam
973 750 1119 814 subolem

44 863 47 867 ·
109 838 216 921 regiae
253 838 375 921 stirpis,
410 837 505 901 duces
542 840 665 900 vestros
701 857 828 900 reorum
859 838 962 901 instar
993 839 1120 913 vinctos

109 925 220 989 habet:
253 926 317 989 nisi
344 926 420 1010 quid
446 925 483 988 ιιι
508 924 600 988 vobis
628 924 698 1008 opis
727 928 787 1009 est,
820 944 879 1009 ego
907 926 1028 989 maiore
1054 926 1120 989 mei

110 1017 201 1096 parte
220 1014 373 1096 captivus
398 1034 478 1077 sum.
523 1011 649 1096 Eripite
671 1013 792 1077 viscera
814 1034 885 1076 mea
908 1034 947 1076 ex
968 1014 1120 1078 vinculisr

109 1101 268 1165 restituite
290 1101 370 1165 mihi
392 1103 543 1185 pignora,
568 1122 627 1184 pro
651 1101 766 1184 quibus
790 1100 853 1183 ipsi
875 1101 957 1165 mori
979 1123 1048 1166 non
1069 1123 1120 1165 re·

110 1190 243 1272 cusatis,
265 1193 440 1272 parentem,
462 1189 595 1259 liberos:
622 1210 700 1252 nam
722 1189 892 1272 coniugem
914 1189 950 1252 in
971 1190 1029 1253 illo
1052 1211 1121 1252 car-

58 1295 91 1344 ee
111 1298 181 1340 cere
211 1277 312 1340 amisi.
357 1275 483 1342 Oredite
510 1296 596 1340 nunc
623 1297 734 1341 omnes
761 1276 972 1341 hostendere
995 1277 1120 1342 advos

111 1386 225 1428 manus
230 1365 423 1447 ,inplorare
445 1365 568 1448 patrios
592 1363 682 1447 deos,
704 1386 798 1449 opem
820 1368 973 1447 vestram,
995 1364 1121 1429 miseri-

110 1452 264 1534 cordiam,
295 1453 391 1516 fidem
409 1473 605 1604 exposcere,
637 1456 674 1517 ut
705 1452 924 1536 compedibus,
955 1415 993 1516 dt
1022 1453 1121 1517 servi·

50 1597 52 1599 ,
109 1542 191 1623 tute,
227 1502 264 1603 ul
294 1541 437 1623 precario
468 1541 533 1605 vict
534 1563 555 1604 u
586 1540 675 1623 ipsos
706 1540 857 1604 liberetis.
905 1538 960 1603 An
989 1541 1120 1605 creditis

35 1629 38 1633 ’
110 1649 212 1710 aequo
235 1627 342 1692 animo
365 1627 404 1692 iis
424 1629 550 1711 seruire,
573 1650 708 1712 quorum
725 1648 817 1717 reges
836 1649 905 1692 esse
926 1627 1122 1692 fastidiunt?

57 1735 91 1782 24
110 1714 213 1780 Video
241 1716 402 1780 admoveri
424 1716 567 1780 hostium
588 1717 702 1780 aciem.
737 1709 793 1779 sed
815 1737 878 1800 quo
900 1716 1033 1799 propius
1057 1716 1121 1780 dis·

110 1804 229 1867 crimen
251 1805 379 1887 accedo,
402 1804 463 1868 hoc
485 1804 593 1869 minus
614 1804 664 1888 iis,
689 1823 770 1889 quae
793 1803 870 1886 dixi,
892 1824 1026 1886 possum
1049 1824 1121 1868 csse

110 1895 289 1956 contentus.
334 1891 396 1955 Per
431 1913 491 1976 ego
528 1913 585 1955 vos
622 1891 698 1955 deos
734 1892 857 1974 patrios
889 1894 1121 1975 aeternumque

109 1979 227 2063 ignem,
250 2002 305 2063 qur
296 1979 500 2063 'praefertur
518 1979 682 2062 altaribus,
703 1978 925 2063 fulgoremque
942 1979 1019 2043 solis
1034 1981 1121 2043 intra

109 2067 190 2130 fines
226 2067 318 2167 regni
354 2067 416 2130 mei
452 2066 603 2149 orientis,
639 2087 696 2150 per
733 2071 896 2130 aeternam
931 2068 1120 2131 memoriam

110 2152 195 2237 Cyri,
218 2155 272 2238 qui
295 2155 482 2254 ademptum
502 2153 605 2218 Medis
623 2153 814 2237 Lydisque
803 2154 974 2238 rmperium
996 2155 1119 2237 primus

109 2242 145 2304 in
166 2241 360 2306 Persidem
350 2248 400 2307 mt
386 2243 474 2307 tulit:
500 2241 660 2306 vindicate
687 2242 728 2306 ab
752 2241 864 2305 ultimo
888 2241 1040 2306 dedecore
1062 2264 1119 2306 no

57 2349 91 2400 25
110 2351 184 2393 men
220 2334 411 2414 gentemque
444 2329 623 2394 Persarum.
676 2328 726 2393 Ite
762 2329 883 2393 alacres
919 2332 952 2393 et
988 2331 1118 2412 spiritus

109 2418 205 2501 pleni,
227 2421 273 2501 ut,
296 2440 391 2501 quem
415 2419 552 2503 gloriam
569 2417 736 2500 accepistis
760 2439 780 2480 a
801 2416 976 2482 maioribus
994 2418 1119 2499 restris,

109 2506 246 2588 posteris
268 2506 464 2590 relinquatis.
499 2505 539 2569 In
561 2504 680 2569 dextris
702 2505 818 2569 restris
840 2505 906 2568 iam
928 2504 1119 2588 libertatem,

82 2613 217 2678 opem,
245 2615 335 2677 spem
361 2594 462 2658 futuri
486 2593 640 2676 temporis
663 2593 784 2677 geritis.
827 2591 952 2677 Effugit
973 2596 1119 2675 mortem,

111 2682 253 2765 quisquis
281 2681 522 2765 contempserit:
557 2681 798 2746 timidissimum
824 2701 981 2764 quemque
1009 2702 1117 2746 conse·

57 2788 91 2837 26
110 2769 227 2852 quitur.
270 2769 344 2853 Ipse
375 2791 442 2834 non
473 2769 578 2852 patrio
610 2790 697 2833 more
726 2770 843 2851 solum,
875 2766 931 2832 sed
958 2767 1057 2832 etiam
1082 2771 1119 2832 ut

109 2857 250 2938 conspici
277 2857 411 2940 possim,
442 2877 535 2920 curru
561 2855 660 2920 vehor
686 2877 745 2920 nec
766 2876 891 2939 recus0,
924 2856 1118 2940 quominus

109 2943 279 3007 imitemini
307 2965 371 3028 me,
404 2944 470 3008 sive
498 2942 697 3007 fortitudinis
724 2943 904 3027 exemplum
932 2943 999 3008 sive
1027 2944 1117 3028 igne·

110 3029 180 3095 viae
202 3030 324 3095 fuerol'

529 3187 607 3254 Gur.
629 3186 700 3253 XV.

76 3317 89 3365 1
197 3293 331 3358 Interim
353 3294 548 3378 Alexander,
578 3296 616 3357 ut
641 3296 674 3357 et
696 3293 948 3358 demonstratum
971 3316 1008 3360 a
1002 3297 1116 3359 ··trans
1128 3293 1168 3357 56

108 3383 187 3468 fuga
207 3382 396 3446 insidiarum
417 3383 523 3447 locum
546 3381 766 3446 circumirete
749 3379 918 3464 etDareo,
941 3383 996 3465 qui
1018 3404 1118 3447 cornu

102 3472 290 3554 tuebatur,
300 3473 493 3554 occurreret,
521 3489 638 3556 agmen
665 3469 830 3553 obliquum
851 3468 996 3533 incedere
1019 3471 1117 3535 iubet

40 3569 64 3613 ι
80 3552 217 3620 Dareus
239 3579 375 3646 qnoque
398 3520 516 3626 eodeln
540 3580 637 3627 suum
660 3557 802 3625 obvertit
819 3555 923 3621 Besso
944 3557 1122 3638 admonito
