2356 3846
410 923 749 992 SUMMARIUM.

475 1176 598 1238 LIBER
619 1177 675 1238 III.

142 1291 163 1346 I.
189 1290 374 1347 Celaenarum
396 1293 466 1347 urbe
490 1295 520 1348 et
542 1309 606 1348 arce
629 1295 744 1363 recepta
766 1292 931 1363 primariam
953 1292 1028 1362 Phry
1051 1292 1057 1304 '
1113 1269 1164 1318 3³3

69 1364 171 1418 urbem
197 1362 359 1418 Alexander
386 1361 558 1433 ingreditur,
583 1363 614 1418 in
640 1381 697 1433 qua
723 1364 842 1420 fatalem
865 1363 964 1420 Cordii
988 1309 1173 1419 acutii*0111

69 1433 173 1501 solvit;
193 1432 296 1489 deinde
316 1432 429 1489 obviam
446 1433 539 1490 Dareo
563 1435 604 1490 ire
624 1435 733 1490 statuit.
770 1436 803 1490 11.
822 1434 969 1490 Exercitus
988 1435 1095 1490 Persici

70 1504 220 1560 lustratio:
240 1504 275 1560 de
294 1521 350 1574 quo
370 1522 433 1560 eum
450 1504 537 1560 Darei
556 1505 635 1561 iussu
650 1505 833 1561 Charidemus
847 1505 1029 1561 Atheniensis
1047 1523 1094 1562 ve·

20 1600 23 1613 .
71 1595 135 1631 rum
166 1575 343 1645 liberumque
374 1576 543 1646 protulisset
573 1575 724 1645 iudicium,
757 1577 851 1647 capite
877 1577 1014 1632 multatus
1043 1579 1093 1632 est.

71 1647 118 1702 III.
138 1646 299 1716 Thymodes
318 1647 513 1716 Pharnabazo,
532 1647 580 1702 hic
593 1648 737 1703 Memnoni
756 1647 889 1710 succedit.
922 1648 1008 1704 Darei
1022 1665 1094 1703 som·

72 1718 153 1774 nium
176 1717 293 1787 eiusque
318 1718 398 1774 varia
419 1718 626 1789 interpretatio.
667 1718 790 1789 Pompae
813 1718 920 1773 Persici
946 1719 1094 1787 exercitus,

72 1793 134 1844 turn
158 1789 304 1860 copiarum
321 1789 476 1845 Alexandri
499 1789 661 1860 descriptio.
698 1791 743 1845 IV.
763 1790 895 1845 Desertae
918 1791 955 1845 ab
977 1791 1095 1845 Arsame

72 1859 160 1915 Darei
182 1860 327 1930 praefecto
352 1859 469 1916 Ciliciae
492 1861 589 1917 fauces
611 1860 772 1916 Alexander
791 1863 947 1931 opportune
967 1863 1094 1931 occupat.

72 1932 105 1987 V.
122 1930 194 1987 Cum
207 1930 239 1985 in
248 1929 377 2002 Cydnum
390 1931 494 1987 flumen
508 1930 643 1987 abluendi
657 1931 782 2015 corporis
843 1932 886 1987 tia
895 1931 1094 2003 intempestive

73 2000 280 2071 descendisset,
300 2001 469 2072 gravissimo
487 2003 586 2058 morbo
606 2002 764 2073 corriprtur.
791 1949 847 2058 gli
869 2002 987 2059 Curatus
1007 2003 1093 2059 addo

72 2072 1095 2215 sucurrerecucicarucatarum

73 2214 167 2271 occidi
186 2214 274 2271 iubet.
307 2215 379 2271 VIII.
400 2215 486 2271 Darei
504 2218 571 2272 ante
589 2232 714 2286 pugnarn
727 2215 941 2272 consiliat-tum
955 2215 1108 2298 exercitus·

71 2286 181 2343 Persici
223 2287 427 2353 consternatio,
476 2287 621 2358 proximae
662 2286 865 2342 internecionis
905 2304 988 2357 praes
1038 2305 1093 2344 um.

70 2358 118 2413 IX.
138 2355 293 2427 Utriusque
312 2356 385 2413 aciei
403 2358 565 2428 descriptio.
593 2358 626 2412 X.
645 2357 800 2413 Alexandri
819 2358 910 2413 oratio
923 2352 965 2412 'ad
979 2305 1093 2414 niffites.

70 2429 119 2484 Xl.
138 2429 239 2499 Pugna
257 2429 295 2483 ad
312 2428 410 2484 Issum.
447 2429 506 2484 XII.
526 2428 626 2483 Matris
650 2431 679 2484 et
701 2428 796 2485 uxoris
814 2429 900 2485 Darei
920 2429 1094 2511 aliarumque

71 2499 249 2570 captivarum
263 2499 372 2555 luctum
384 2501 463 2555 levat
475 2499 643 2555 Alexander.
671 2499 742 2555 XIII.
757 2500 844 2555 Darei
858 2517 958 2570 gazam
971 2517 1035 2554 cum
1052 2517 1095 2554 rn-

72 2571 155 2642 genti
178 2569 319 2627 nobilium
337 2587 453 2625 numero
470 2571 630 2641 praefectus
648 2570 780 2627 Damasci
799 2569 978 2626 Parmenioni
996 2570 1093 2626 tradit.

488 2718 612 2781 LIBER
634 2720 687 2782 IV.

145 2837 166 2892 Ι.
186 2836 346 2892 Alexander
363 2835 468 2891 litteris
488 2836 611 2891 aDareo
626 2838 745 2908 superbe
760 2837 874 2906 scriptis
888 2837 966 2908 regie
980 2853 1094 2908 respon·
1113 2844 1165 2896 332

73 2910 131 2965 det.
168 2907 398 2976 Abdalonymum
417 2907 542 2962 Sidoniis
561 2924 658 2979 regem
675 2906 811 2978 praeficit.
847 2909 985 2978 Amyntas
1003 2910 1094 2964 trans-

70 2980 141 3050 fuga
160 2978 286 3034 aPersis
303 2979 375 3049 ipsis
394 2978 540 3035 occiditur.
572 2979 676 3035 Variae
694 2978 781 3034 variis
800 2979 871 3035 locis
889 2980 1096 3050 praefectorum

70 3049 159 3106 Darei
188 3049 296 3104 clades.
338 3050 371 3104 H.
395 3049 485 3119 Tyrus
511 3051 593 3119 urbs,
622 3049 723 3106 incolis
750 3050 943 3106 Alexandrum
970 3051 1094 3121 recipere

72 3119 282 3195 recusantibus,
314 3120 468 3177 obsidetur.
510 3121 557 3176 III.
574 3120 757 3195 ‚Describitur
778 3121 846 3192 Tyri
870 3121 982 3177 obsidio
1006 3121 1094 3177 variis

71 3191 143 3248 belli
162 3191 276 3247 casibus
294 3191 425 3262 insignis.
461 3193 508 3248 IV.
527 3192 653 3249 Tandem
675 3193 705 3247 vi
724 3196 809 3263 capta
829 3194 897 3248 urbs
915 3192 1028 3249 funesto
1046 3209 1093 3247 va·

72 3267 166 3319 statur
179 3262 320 3318 incendio.
348 3263 382 3319 V.
400 3263 486 3319 Darei
500 3263 605 3319 iterata
618 3265 653 3318 de
667 3280 737 3334 pace
752 3263 972 3332 submissiorque
985 3263 1093 3334 legatio

72 3337 108 3391 ab
127 3334 290 3390 Alexandro
309 3335 483 3404 repudiatur.
517 3334 577 3400 Quo
596 3335 672 3390 facto
687 3335 787 3390 Gracci
806 3353 870 3391 eum
888 3351 992 3390 corona
1009 3351 1094 3389 aurea

72 3408 195 3462 donante
219 3404 270 3459 ille
292 3422 344 3475 per
365 3407 524 3476 praefectos
547 3405 697 3476 plerasque
715 3406 863 3462 Persarum
884 3405 1047 3475 provincias
1063 3405 1099 3456 in

70 3479 248 3548 potestatem
266 3493 345 3532 suam
364 3476 480 3550 rediget.
506 3477 557 3534 Ill.
576 3475 624 3534 Ad
635 3477 755 3535 bellum
769 3477 844 3533 dum
857 3493 893 3530 se
908 3471 1120 3541 animumne

63 3566 144 3618 rens,
173 3547 341 3607 Alexander
363 3549 475 3609 Caram
503 3554 658 3626 expugnat
681 3551 807 3620 eiusque
829 3543 1023 3616 pruritum
1032 3535 1150 3582 *Im*
