<?xml version="1.0" encoding="UTF-8"?>
<!DOCTYPE html PUBLIC "-//W3C//DTD XHTML 1.0 Transitional//EN"
    "http://www.w3.org/TR/xhtml1/DTD/xhtml1-transitional.dtd">
<html xmlns="http://www.w3.org/1999/xhtml" xml:lang="en" lang="en">
 <head>
  <title>
</title>
<meta http-equiv="Content-Type" content="text/html;charset=utf-8" />
  <meta name='ocr-system' content='tesseract 3.04.00' />
  <meta name='ocr-capabilities' content='ocr_page ocr_carea ocr_par ocr_line ocrx_word'/>
</head>
<body>
  <div class='ocr_page' id='page_1' title='image "./incertiauctoris00heydgoog_0354.png"; bbox 0 0 2356 3846; ppageno 0'>
   <div class='ocr_carea' id='block_1_1' title="bbox 488 209 685 272">
    <p class='ocr_par' dir='ltr' id='par_1_1' title="bbox 488 209 685 272">
     <span class='ocr_line' id='line_1_1' title="bbox 488 209 685 272; baseline 0 -18"><span class='ocrx_word' id='word_1_1' title='bbox 488 209 685 272; x_wconf 68' lang='lat'><strong><em>..2-</em></strong></span> 
     </span>
    </p>
   </div>
   <div class='ocr_carea' id='block_1_2' title="bbox 43 367 1102 542">
    <p class='ocr_par' dir='ltr' id='par_1_2' title="bbox 43 367 1102 542">
     <span class='ocr_line' id='line_1_2' title="bbox 43 367 1102 453; baseline 0.001 -19"><span class='ocrx_word' id='word_1_2' title='bbox 43 389 65 451; x_wconf 81' lang='lat'>2</span> <span class='ocrx_word' id='word_1_3' title='bbox 171 367 343 435; x_wconf 80' lang='lat' dir='ltr'><strong>Crescente</strong></span> <span class='ocrx_word' id='word_1_4' title='bbox 381 391 457 435; x_wconf 88' lang='lat' dir='ltr'><strong>vero</strong></span> <span class='ocrx_word' id='word_1_5' title='bbox 497 369 705 453; x_wconf 90' lang='lat' dir='ltr'><strong>postmodum</strong></span> <span class='ocrx_word' id='word_1_6' title='bbox 744 367 988 434; x_wconf 73' lang='lat' dir='ltr'><strong>sacratissimae</strong></span> <span class='ocrx_word' id='word_1_7' title='bbox 1024 369 1102 435; x_wconf 86' lang='lat' dir='ltr'><strong>fidei</strong></span> 
     </span>
     <span class='ocr_line' id='line_1_3' title="bbox 82 457 1102 542; baseline -0.001 -17"><span class='ocrx_word' id='word_1_8' title='bbox 82 460 280 525; x_wconf 75' lang='lat' dir='ltr'><strong>christianae</strong></span> <span class='ocrx_word' id='word_1_9' title='bbox 299 459 454 542; x_wconf 84' lang='lat' dir='ltr'><strong>religione</strong></span> <span class='ocrx_word' id='word_1_10' title='bbox 474 481 512 523; x_wconf 88' lang='lat' dir='ltr'><strong>ac</strong></span> <span class='ocrx_word' id='word_1_11' title='bbox 529 458 719 523; x_wconf 76' lang='lat' dir='ltr'><strong>succedente</strong></span> <span class='ocrx_word' id='word_1_12' title='bbox 737 457 772 522; x_wconf 94' lang='lat' dir='ltr'><strong>in</strong></span> <span class='ocrx_word' id='word_1_13' title='bbox 792 458 930 542; x_wconf 90' lang='lat' dir='ltr'><strong>imperio</strong></span> <span class='ocrx_word' id='word_1_14' title='bbox 948 457 1102 524; x_wconf 85' lang='lat' dir='ltr'><strong>Romano</strong></span> 
     </span>
    </p>
   </div>
   <div class='ocr_carea' id='block_1_3' title="bbox 51 546 1123 900">
    <p class='ocr_par' dir='ltr' id='par_1_3' title="bbox 81 546 1103 632">
     <span class='ocr_line' id='line_1_4' title="bbox 81 546 1103 632; baseline -0.002 -18"><span class='ocrx_word' id='word_1_15' title='bbox 81 546 275 614; x_wconf 83' lang='lat' dir='ltr'><strong>Constantio</strong></span> <span class='ocrx_word' id='word_1_16' title='bbox 297 548 494 631; x_wconf 85' lang='lat' dir='ltr'><strong>imperatore</strong></span> <span class='ocrx_word' id='word_1_17' title='bbox 513 546 660 613; x_wconf 83' lang='lat' dir='ltr'><strong>Romano</strong></span> <span class='ocrx_word' id='word_1_18' title='bbox 680 568 809 630; x_wconf 89' lang='lat' dir='ltr'><strong>semper</strong></span> <span class='ocrx_word' id='word_1_19' title='bbox 827 546 979 632; x_wconf 84' lang='lat' dir='ltr'><strong>Augusto</strong></span> <span class='ocrx_word' id='word_1_20' title='bbox 998 549 1103 614; x_wconf 86' lang='lat' dir='ltr'><strong>totius</strong></span> 
     </span>
    </p>

    <p class='ocr_par' dir='ltr' id='par_1_4' title="bbox 51 635 1123 811">
     <span class='ocr_line' id='line_1_5' title="bbox 81 635 1103 722; baseline 0 -20"><span class='ocrx_word' id='word_1_21' title='bbox 81 637 279 722; x_wconf 86' lang='lat' dir='ltr'><strong>reipublicae</strong></span> <span class='ocrx_word' id='word_1_22' title='bbox 297 636 515 721; x_wconf 88' lang='lat' dir='ltr'><strong>principatum</strong></span> <span class='ocrx_word' id='word_1_23' title='bbox 533 657 593 720; x_wconf 91' lang='lat' dir='ltr'><strong>pro</strong></span> <span class='ocrx_word' id='word_1_24' title='bbox 612 639 759 720; x_wconf 91' lang='lat' dir='ltr'><strong>tempore</strong></span> <span class='ocrx_word' id='word_1_25' title='bbox 774 635 944 701; x_wconf 87' lang='lat' dir='ltr'><strong>obtinente</strong></span> <span class='ocrx_word' id='word_1_26' title='bbox 961 637 1103 722; x_wconf 85' lang='lat' dir='ltr'><strong>contigit</strong></span> 
     </span>
     <span class='ocr_line' id='line_1_6' title="bbox 51 724 1123 811; baseline -0.002 -18"><span class='ocrx_word' id='word_1_27' title='bbox 51 787 57 794; x_wconf 90' lang='lat'><strong><em>.</em></strong></span> <span class='ocrx_word' id='word_1_28' title='bbox 79 725 239 791; x_wconf 89' lang='lat' dir='ltr'><strong>Helenam</strong></span> <span class='ocrx_word' id='word_1_29' title='bbox 267 725 442 811; x_wconf 85' lang='lat' dir='ltr'><strong>virginem,</strong></span> <span class='ocrx_word' id='word_1_30' title='bbox 473 747 555 810; x_wconf 89' lang='lat' dir='ltr'><strong>quae</strong></span> <span class='ocrx_word' id='word_1_31' title='bbox 579 747 618 789; x_wconf 89' lang='lat' dir='ltr'><strong>ex</strong></span> <span class='ocrx_word' id='word_1_32' title='bbox 641 724 809 790; x_wconf 89' lang='lat' dir='ltr'><strong>nobilibus</strong></span> <span class='ocrx_word' id='word_1_33' title='bbox 832 725 964 809; x_wconf 88' lang='lat' dir='ltr'><strong>quidem</strong></span> <span class='ocrx_word' id='word_1_34' title='bbox 986 742 1123 810; x_wconf 81' lang='lat' dir='ltr'><strong>paren-⁶</strong></span> 
     </span>
    </p>

    <p class='ocr_par' dir='ltr' id='par_1_5' title="bbox 79 813 1100 900">
     <span class='ocr_line' id='line_1_7' title="bbox 79 813 1100 900; baseline 0 -20"><span class='ocrx_word' id='word_1_35' title='bbox 79 816 167 880; x_wconf 86' lang='lat' dir='ltr'><strong>tibus</strong></span> <span class='ocrx_word' id='word_1_36' title='bbox 196 817 370 900; x_wconf 83' lang='lat' dir='ltr'><strong>progenita</strong></span> <span class='ocrx_word' id='word_1_37' title='bbox 398 815 437 878; x_wconf 90' lang='lat' dir='ltr'><strong>de</strong></span> <span class='ocrx_word' id='word_1_38' title='bbox 466 815 567 898; x_wconf 87' lang='lat' dir='ltr'><strong>stirpe</strong></span> <span class='ocrx_word' id='word_1_39' title='bbox 600 814 801 899; x_wconf 91' lang='lat' dir='ltr'><strong>quorundam</strong></span> <span class='ocrx_word' id='word_1_40' title='bbox 831 813 994 878; x_wconf 86' lang='lat' dir='ltr'><strong>nobilium</strong></span> <span class='ocrx_word' id='word_1_41' title='bbox 1026 815 1100 880; x_wconf 82' lang='lat' dir='ltr'><strong>civi·</strong></span> 
     </span>
    </p>
   </div>
   <div class='ocr_carea' id='block_1_4' title="bbox 8 903 1121 2765">
    <p class='ocr_par' dir='ltr' id='par_1_6' title="bbox 8 903 1121 2765">
     <span class='ocr_line' id='line_1_8' title="bbox 79 903 1099 987; baseline -0.002 -17"><span class='ocrx_word' id='word_1_42' title='bbox 79 905 159 970; x_wconf 91' lang='lat' dir='ltr'><strong>tatis</strong></span> <span class='ocrx_word' id='word_1_43' title='bbox 189 903 395 969; x_wconf 87' lang='lat' dir='ltr'><strong>Treverensis</strong></span> <span class='ocrx_word' id='word_1_44' title='bbox 427 904 587 987; x_wconf 82' lang='lat' dir='ltr'><strong>originem</strong></span> <span class='ocrx_word' id='word_1_45' title='bbox 618 903 732 987; x_wconf 85' lang='lat' dir='ltr'><strong>traxit,</strong></span> <span class='ocrx_word' id='word_1_46' title='bbox 766 903 876 967; x_wconf 88' lang='lat' dir='ltr'><strong>venire</strong></span> <span class='ocrx_word' id='word_1_47' title='bbox 914 904 957 968; x_wconf 87' lang='lat' dir='ltr'><strong>ad</strong></span> <span class='ocrx_word' id='word_1_48' title='bbox 986 903 1099 969; x_wconf 87' lang='lat' dir='ltr'><strong>urbem</strong></span> 
     </span>
     <span class='ocr_line' id='line_1_9' title="bbox 79 991 1096 1076; baseline 0.001 -19"><span class='ocrx_word' id='word_1_49' title='bbox 79 993 219 1058; x_wconf 85' lang='lat' dir='ltr'><strong>Romam</strong></span> <span class='ocrx_word' id='word_1_50' title='bbox 243 993 440 1076; x_wconf 85' lang='lat' dir='ltr'><strong>praedictam</strong></span> <span class='ocrx_word' id='word_1_51' title='bbox 465 1014 574 1057; x_wconf 88' lang='lat' dir='ltr'><strong>amore</strong></span> <span class='ocrx_word' id='word_1_52' title='bbox 595 991 751 1057; x_wconf 84' lang='lat' dir='ltr'><strong>visitandi</strong></span> <span class='ocrx_word' id='word_1_53' title='bbox 774 992 889 1056; x_wconf 87' lang='lat' dir='ltr'><strong>limina</strong></span> <span class='ocrx_word' id='word_1_54' title='bbox 912 997 1096 1058; x_wconf 88' lang='lat' dir='ltr'><strong>sanctorum</strong></span> 
     </span>
     <span class='ocr_line' id='line_1_10' title="bbox 80 1078 1095 1165; baseline 0 -19"><span class='ocrx_word' id='word_1_55' title='bbox 80 1081 170 1146; x_wconf 88' lang='lat' dir='ltr'><strong>Petri</strong></span> <span class='ocrx_word' id='word_1_56' title='bbox 190 1086 222 1146; x_wconf 88' lang='lat' dir='ltr'><strong>et</strong></span> <span class='ocrx_word' id='word_1_57' title='bbox 240 1081 334 1146; x_wconf 90' lang='lat' dir='ltr'><strong>Pauli</strong></span> <span class='ocrx_word' id='word_1_58' title='bbox 359 1082 582 1165; x_wconf 88' lang='lat' dir='ltr'><strong>apostolorum</strong></span> <span class='ocrx_word' id='word_1_59' title='bbox 606 1081 855 1165; x_wconf 89' lang='lat' dir='ltr'><strong>praedictorum.</strong></span> <span class='ocrx_word' id='word_1_60' title='bbox 888 1078 972 1145; x_wconf 81' lang='lat' dir='ltr'><strong>Cum</strong></span> <span class='ocrx_word' id='word_1_61' title='bbox 991 1085 1095 1146; x_wconf 84' lang='lat' dir='ltr'><strong>autem</strong></span> 
     </span>
     <span class='ocr_line' id='line_1_11' title="bbox 80 1169 1121 1255; baseline 0.001 -20"><span class='ocrx_word' id='word_1_62' title='bbox 80 1171 153 1255; x_wconf 88' lang='lat' dir='ltr'><strong>ipsa</strong></span> <span class='ocrx_word' id='word_1_63' title='bbox 183 1169 310 1235; x_wconf 85' lang='lat' dir='ltr'><strong>Helena</strong></span> <span class='ocrx_word' id='word_1_64' title='bbox 340 1174 426 1234; x_wconf 89' lang='lat' dir='ltr'><strong>esset</strong></span> <span class='ocrx_word' id='word_1_65' title='bbox 457 1171 492 1233; x_wconf 91' lang='lat' dir='ltr'><strong>in</strong></span> <span class='ocrx_word' id='word_1_66' title='bbox 521 1169 601 1234; x_wconf 90' lang='lat' dir='ltr'><strong>urbe</strong></span> <span class='ocrx_word' id='word_1_67' title='bbox 633 1170 795 1254; x_wconf 86' lang='lat' dir='ltr'><strong>praefata,</strong></span> <span class='ocrx_word' id='word_1_68' title='bbox 828 1170 981 1255; x_wconf 85' lang='lat' dir='ltr'><strong>contigit,</strong></span> <span class='ocrx_word' id='word_1_69' title='bbox 1015 1171 1121 1255; x_wconf 78' lang='lat' dir='ltr'><strong>quotu</strong></span> 
     </span>
     <span class='ocr_line' id='line_1_12' title="bbox 81 1257 1091 1343; baseline -0.001 -18"><span class='ocrx_word' id='word_1_70' title='bbox 81 1258 292 1325; x_wconf 77' lang='lat' dir='ltr'><strong>Constantius</strong></span> <span class='ocrx_word' id='word_1_71' title='bbox 316 1259 495 1343; x_wconf 89' lang='lat' dir='ltr'><strong>imperator</strong></span> <span class='ocrx_word' id='word_1_72' title='bbox 522 1259 690 1342; x_wconf 87' lang='lat' dir='ltr'><strong>praefatus</strong></span> <span class='ocrx_word' id='word_1_73' title='bbox 713 1259 776 1324; x_wconf 88' lang='lat' dir='ltr'><strong>iter</strong></span> <span class='ocrx_word' id='word_1_74' title='bbox 799 1257 922 1323; x_wconf 81' lang='lat' dir='ltr'><strong>iaciens</strong></span> <span class='ocrx_word' id='word_1_75' title='bbox 947 1281 987 1323; x_wconf 88' lang='lat' dir='ltr'><strong>ex</strong></span> <span class='ocrx_word' id='word_1_76' title='bbox 1010 1281 1091 1324; x_wconf 89' lang='lat' dir='ltr'><strong>more</strong></span> 
     </span>
     <span class='ocr_line' id='line_1_13' title="bbox 79 1345 1089 1433; baseline -0.001 -20"><span class='ocrx_word' id='word_1_77' title='bbox 79 1370 138 1433; x_wconf 91' lang='lat' dir='ltr'><strong>per</strong></span> <span class='ocrx_word' id='word_1_78' title='bbox 166 1352 301 1433; x_wconf 90' lang='lat' dir='ltr'><strong>pontem</strong></span> <span class='ocrx_word' id='word_1_79' title='bbox 329 1348 456 1412; x_wconf 80' lang='lat' dir='ltr'><strong>Tiberis</strong></span> <span class='ocrx_word' id='word_1_80' title='bbox 486 1347 570 1411; x_wconf 89' lang='lat' dir='ltr'><strong>vidit</strong></span> <span class='ocrx_word' id='word_1_81' title='bbox 596 1345 755 1412; x_wconf 90' lang='lat' dir='ltr'><strong>Helenam</strong></span> <span class='ocrx_word' id='word_1_82' title='bbox 783 1347 869 1411; x_wconf 88' lang='lat' dir='ltr'><strong>inter</strong></span> <span class='ocrx_word' id='word_1_83' title='bbox 897 1348 981 1412; x_wconf 89' lang='lat' dir='ltr'><strong>alios</strong></span> <span class='ocrx_word' id='word_1_84' title='bbox 1009 1369 1089 1432; x_wconf 87' lang='lat' dir='ltr'><strong>pere·</strong></span> 
     </span>
     <span class='ocr_line' id='line_1_14' title="bbox 80 1436 1087 1521; baseline 0.001 -22"><span class='ocrx_word' id='word_1_85' title='bbox 80 1438 191 1521; x_wconf 86' lang='lat' dir='ltr'><strong>grinos</strong></span> <span class='ocrx_word' id='word_1_86' title='bbox 216 1437 278 1500; x_wconf 90' lang='lat' dir='ltr'><strong>sibi</strong></span> <span class='ocrx_word' id='word_1_87' title='bbox 303 1457 380 1501; x_wconf 89' lang='lat' dir='ltr'><strong>casu</strong></span> <span class='ocrx_word' id='word_1_88' title='bbox 404 1440 633 1502; x_wconf 87' lang='lat' dir='ltr'><strong>occurrentem.</strong></span> <span class='ocrx_word' id='word_1_89' title='bbox 669 1436 715 1501; x_wconf 76' lang='lat' dir='ltr'><strong>nt</strong></span> <span class='ocrx_word' id='word_1_90' title='bbox 734 1458 808 1501; x_wconf 91' lang='lat' dir='ltr'><strong>cum</strong></span> <span class='ocrx_word' id='word_1_91' title='bbox 831 1437 970 1501; x_wconf 88' lang='lat' dir='ltr'><strong>intuitus</strong></span> <span class='ocrx_word' id='word_1_92' title='bbox 994 1438 1087 1521; x_wconf 84' lang='lat' dir='ltr'><strong>ipsam</strong></span> 
     </span>
     <span class='ocr_line' id='line_1_15' title="bbox 79 1525 1085 1610; baseline 0 -21"><span class='ocrx_word' id='word_1_93' title='bbox 79 1525 196 1590; x_wconf 90' lang='lat' dir='ltr'><strong>fuisset</strong></span> <span class='ocrx_word' id='word_1_94' title='bbox 221 1527 352 1610; x_wconf 87' lang='lat' dir='ltr'><strong>eiusque</strong></span> <span class='ocrx_word' id='word_1_95' title='bbox 372 1526 557 1610; x_wconf 84' lang='lat' dir='ltr'><strong>elegantiae</strong></span> <span class='ocrx_word' id='word_1_96' title='bbox 576 1525 849 1609; x_wconf 90' lang='lat' dir='ltr'><strong>pulchritudinem</strong></span> <span class='ocrx_word' id='word_1_97' title='bbox 869 1526 1085 1610; x_wconf 75' lang='lat' dir='ltr'><strong>conspexisset</strong></span> 
     </span>
     <span class='ocr_line' id='line_1_16' title="bbox 79 1614 1110 1698; baseline -0.001 -20"><span class='ocrx_word' id='word_1_98' title='bbox 79 1615 160 1698; x_wconf 87' lang='lat' dir='ltr'><strong>ipse,</strong></span> <span class='ocrx_word' id='word_1_99' title='bbox 180 1636 252 1679; x_wconf 89' lang='lat' dir='ltr'><strong>oum</strong></span> <span class='ocrx_word' id='word_1_100' title='bbox 272 1619 358 1679; x_wconf 89' lang='lat' dir='ltr'><strong>esset</strong></span> <span class='ocrx_word' id='word_1_101' title='bbox 375 1618 464 1679; x_wconf 90' lang='lat' dir='ltr'><strong>totus</strong></span> <span class='ocrx_word' id='word_1_102' title='bbox 483 1614 609 1679; x_wconf 89' lang='lat' dir='ltr'><strong>deditus</strong></span> <span class='ocrx_word' id='word_1_103' title='bbox 627 1614 766 1698; x_wconf 84' lang='lat' dir='ltr'><strong>libidini,</strong></span> <span class='ocrx_word' id='word_1_104' title='bbox 784 1614 819 1678; x_wconf 91' lang='lat' dir='ltr'><strong>in</strong></span> <span class='ocrx_word' id='word_1_105' title='bbox 839 1615 1110 1698; x_wconf 69' lang='lat' dir='ltr'><strong>concupientiamss</strong></span> 
     </span>
     <span class='ocr_line' id='line_1_17' title="bbox 80 1702 1084 1786; baseline 0.001 -20"><span class='ocrx_word' id='word_1_106' title='bbox 80 1704 149 1768; x_wconf 89' lang='lat' dir='ltr'><strong>eius</strong></span> <span class='ocrx_word' id='word_1_107' title='bbox 179 1704 301 1768; x_wconf 87' lang='lat' dir='ltr'><strong>exarsit</strong></span> <span class='ocrx_word' id='word_1_108' title='bbox 328 1708 361 1768; x_wconf 90' lang='lat' dir='ltr'><strong>et</strong></span> <span class='ocrx_word' id='word_1_109' title='bbox 388 1702 556 1768; x_wconf 86' lang='lat' dir='ltr'><strong>mandavit</strong></span> <span class='ocrx_word' id='word_1_110' title='bbox 584 1703 777 1786; x_wconf 87' lang='lat' dir='ltr'><strong>quibusdam</strong></span> <span class='ocrx_word' id='word_1_111' title='bbox 807 1703 1007 1769; x_wconf 85' lang='lat' dir='ltr'><strong>satellitibus</strong></span> <span class='ocrx_word' id='word_1_112' title='bbox 1029 1703 1084 1768; x_wconf 89' lang='lat' dir='ltr'><strong>suis</strong></span> 
     </span>
     <span class='ocr_line' id='line_1_18' title="bbox 80 1790 1083 1877; baseline 0.001 -22"><span class='ocrx_word' id='word_1_113' title='bbox 80 1792 202 1856; x_wconf 88' lang='lat' dir='ltr'><strong>dicens:</strong></span> <span class='ocrx_word' id='word_1_114' title='bbox 239 1790 430 1876; x_wconf 77' lang='lat' dir='ltr'><strong>‘Sequimini</strong></span> <span class='ocrx_word' id='word_1_115' title='bbox 462 1791 547 1856; x_wconf 90' lang='lat' dir='ltr'><strong>hanc</strong></span> <span class='ocrx_word' id='word_1_116' title='bbox 576 1797 609 1856; x_wconf 92' lang='lat' dir='ltr'><strong>et</strong></span> <span class='ocrx_word' id='word_1_117' title='bbox 639 1792 673 1856; x_wconf 95' lang='lat' dir='ltr'><strong>in</strong></span> <span class='ocrx_word' id='word_1_118' title='bbox 701 1814 939 1877; x_wconf 88' lang='lat' dir='ltr'><strong>quamcumque</strong></span> <span class='ocrx_word' id='word_1_119' title='bbox 967 1792 1083 1858; x_wconf 91' lang='lat' dir='ltr'><strong>domum</strong></span> 
     </span>
     <span class='ocr_line' id='line_1_19' title="bbox 80 1881 1083 1965; baseline -0.001 -21"><span class='ocrx_word' id='word_1_120' title='bbox 80 1881 266 1965; x_wconf 83' lang='lat' dir='ltr'><strong>intraverit,</strong></span> <span class='ocrx_word' id='word_1_121' title='bbox 286 1881 386 1945; x_wconf 88' lang='lat' dir='ltr'><strong>dicite</strong></span> <span class='ocrx_word' id='word_1_122' title='bbox 405 1881 551 1964; x_wconf 93' lang='lat' dir='ltr'><strong>domino,</strong></span> <span class='ocrx_word' id='word_1_123' title='bbox 575 1881 659 1964; x_wconf 90' lang='lat' dir='ltr'><strong>quod</strong></span> <span class='ocrx_word' id='word_1_124' title='bbox 680 1881 787 1965; x_wconf 87' lang='lat' dir='ltr'><strong>ipsam</strong></span> <span class='ocrx_word' id='word_1_125' title='bbox 811 1881 849 1945; x_wconf 93' lang='lat' dir='ltr'><strong>de</strong></span> <span class='ocrx_word' id='word_1_126' title='bbox 873 1881 971 1946; x_wconf 91' lang='lat' dir='ltr'><strong>domo</strong></span> <span class='ocrx_word' id='word_1_127' title='bbox 989 1903 1043 1946; x_wconf 87' lang='lat' dir='ltr'><strong>sua</strong></span> <span class='ocrx_word' id='word_1_128' title='bbox 1059 1881 1083 1944; x_wconf 90' lang='lat' dir='ltr'><strong>et</strong></span> 
     </span>
     <span class='ocr_line' id='line_1_20' title="bbox 25 1969 1082 2056; baseline -0.002 -22"><span class='ocrx_word' id='word_1_129' title='bbox 25 2013 29 2020; x_wconf 88' lang='lat'><em>-</em></span> <span class='ocrx_word' id='word_1_130' title='bbox 81 1970 242 2054; x_wconf 90' lang='lat' dir='ltr'><strong>custodia,</strong></span> <span class='ocrx_word' id='word_1_131' title='bbox 275 1991 441 2055; x_wconf 88' lang='lat' dir='ltr'><strong>quousque</strong></span> <span class='ocrx_word' id='word_1_132' title='bbox 469 1969 507 2034; x_wconf 92' lang='lat' dir='ltr'><strong>de</strong></span> <span class='ocrx_word' id='word_1_133' title='bbox 537 1969 610 2053; x_wconf 88' lang='lat' dir='ltr'><strong>ipsa</strong></span> <span class='ocrx_word' id='word_1_134' title='bbox 637 1969 722 2034; x_wconf 88' lang='lat' dir='ltr'><strong>sicut</strong></span> <span class='ocrx_word' id='word_1_135' title='bbox 755 1969 972 2056; x_wconf 82' lang='lat' dir='ltr'><strong>cogitavimus</strong></span> <span class='ocrx_word' id='word_1_136' title='bbox 1003 1971 1082 2054; x_wconf 83' lang='lat' dir='ltr'><strong>capta</strong></span> 
     </span>
     <span class='ocr_line' id='line_1_21' title="bbox 81 2056 1108 2143; baseline -0.002 -20"><span class='ocrx_word' id='word_1_137' title='bbox 81 2059 329 2142; x_wconf 85' lang='lat' dir='ltr'><strong>opportunitate</strong></span> <span class='ocrx_word' id='word_1_138' title='bbox 358 2059 508 2123; x_wconf 86' lang='lat' dir='ltr'><strong>ordinare</strong></span> <span class='ocrx_word' id='word_1_139' title='bbox 536 2058 729 2142; x_wconf 90' lang='lat' dir='ltr'><strong>poterimus,</strong></span> <span class='ocrx_word' id='word_1_140' title='bbox 758 2059 819 2123; x_wconf 91' lang='lat' dir='ltr'><strong>sub</strong></span> <span class='ocrx_word' id='word_1_141' title='bbox 846 2080 954 2143; x_wconf 89' lang='lat' dir='ltr'><strong>poena</strong></span> <span class='ocrx_word' id='word_1_142' title='bbox 981 2056 1108 2143; x_wconf 66' lang='lat' dir='ltr'><strong>capitis¹⁰</strong></span> 
     </span>
     <span class='ocr_line' id='line_1_22' title="bbox 8 2145 1082 2231; baseline -0.002 -20"><span class='ocrx_word' id='word_1_143' title='bbox 8 2197 10 2203; x_wconf 90' lang='lat'><strong><em>.</em></strong></span> <span class='ocrx_word' id='word_1_144' title='bbox 80 2169 147 2212; x_wconf 91' lang='lat' dir='ltr'><strong>non</strong></span> <span class='ocrx_word' id='word_1_145' title='bbox 171 2146 337 2212; x_wconf 85' lang='lat' dir='ltr'><strong>dimittat&#39;</strong></span> <span class='ocrx_word' id='word_1_146' title='bbox 381 2147 443 2224; x_wconf 80' lang='lat' dir='ltr'><strong>Qui</strong></span> <span class='ocrx_word' id='word_1_147' title='bbox 466 2150 639 2231; x_wconf 88' lang='lat' dir='ltr'><strong>sequentes</strong></span> <span class='ocrx_word' id='word_1_148' title='bbox 666 2148 773 2231; x_wconf 88' lang='lat' dir='ltr'><strong>ipsam</strong></span> <span class='ocrx_word' id='word_1_149' title='bbox 797 2168 899 2231; x_wconf 87' lang='lat' dir='ltr'><strong>usque</strong></span> <span class='ocrx_word' id='word_1_150' title='bbox 928 2148 969 2212; x_wconf 90' lang='lat' dir='ltr'><strong>ad</strong></span> <span class='ocrx_word' id='word_1_151' title='bbox 990 2145 1082 2230; x_wconf 89' lang='lat' dir='ltr'><strong>hospi·</strong></span> 
     </span>
     <span class='ocr_line' id='line_1_23' title="bbox 79 2235 1082 2320; baseline -0.002 -20"><span class='ocrx_word' id='word_1_152' title='bbox 79 2236 162 2300; x_wconf 91' lang='lat' dir='ltr'><strong>tium</strong></span> <span class='ocrx_word' id='word_1_153' title='bbox 191 2235 276 2319; x_wconf 94' lang='lat' dir='ltr'><strong>quod</strong></span> <span class='ocrx_word' id='word_1_154' title='bbox 306 2258 380 2300; x_wconf 89' lang='lat' dir='ltr'><strong>cum</strong></span> <span class='ocrx_word' id='word_1_155' title='bbox 407 2236 475 2300; x_wconf 89' lang='lat' dir='ltr'><strong>suis</strong></span> <span class='ocrx_word' id='word_1_156' title='bbox 502 2238 682 2300; x_wconf 89' lang='lat' dir='ltr'><strong>intraverat</strong></span> <span class='ocrx_word' id='word_1_157' title='bbox 709 2236 807 2301; x_wconf 91' lang='lat' dir='ltr'><strong>sociis</strong></span> <span class='ocrx_word' id='word_1_158' title='bbox 836 2236 962 2320; x_wconf 89' lang='lat' dir='ltr'><strong>hospiti</strong></span> <span class='ocrx_word' id='word_1_159' title='bbox 984 2237 1082 2302; x_wconf 88' lang='lat' dir='ltr'><strong>domus</strong></span> 
     </span>
     <span class='ocr_line' id='line_1_24' title="bbox 79 2324 1082 2409; baseline 0 -21"><span class='ocrx_word' id='word_1_160' title='bbox 79 2325 113 2389; x_wconf 91' lang='lat' dir='ltr'><strong>id</strong></span> <span class='ocrx_word' id='word_1_161' title='bbox 137 2326 223 2408; x_wconf 90' lang='lat' dir='ltr'><strong>quod</strong></span> <span class='ocrx_word' id='word_1_162' title='bbox 247 2346 267 2388; x_wconf 91' lang='lat' dir='ltr'><strong>a</strong></span> <span class='ocrx_word' id='word_1_163' title='bbox 290 2325 422 2389; x_wconf 91' lang='lat' dir='ltr'><strong>domino</strong></span> <span class='ocrx_word' id='word_1_164' title='bbox 442 2346 499 2388; x_wconf 92' lang='lat' dir='ltr'><strong>suo</strong></span> <span class='ocrx_word' id='word_1_165' title='bbox 523 2325 558 2389; x_wconf 93' lang='lat' dir='ltr'><strong>in</strong></span> <span class='ocrx_word' id='word_1_166' title='bbox 576 2324 739 2389; x_wconf 89' lang='lat' dir='ltr'><strong>mandatis</strong></span> <span class='ocrx_word' id='word_1_167' title='bbox 759 2328 953 2409; x_wconf 85' lang='lat' dir='ltr'><strong>acceperant</strong></span> <span class='ocrx_word' id='word_1_168' title='bbox 976 2327 1082 2390; x_wconf 84' lang='lat' dir='ltr'><strong>secreto</strong></span> 
     </span>
     <span class='ocr_line' id='line_1_25' title="bbox 80 2409 1083 2499; baseline -0.001 -21"><span class='ocrx_word' id='word_1_169' title='bbox 80 2417 303 2479; x_wconf 88' lang='lat' dir='ltr'><strong>narraverunt.</strong></span> <span class='ocrx_word' id='word_1_170' title='bbox 352 2412 482 2498; x_wconf 85' lang='lat' dir='ltr'><strong>Hospes</strong></span> <span class='ocrx_word' id='word_1_171' title='bbox 509 2435 586 2478; x_wconf 89' lang='lat' dir='ltr'><strong>vero</strong></span> <span class='ocrx_word' id='word_1_172' title='bbox 620 2413 734 2478; x_wconf 91' lang='lat' dir='ltr'><strong>domus</strong></span> <span class='ocrx_word' id='word_1_173' title='bbox 770 2417 904 2498; x_wconf 89' lang='lat' dir='ltr'><strong>accepto</strong></span> <span class='ocrx_word' id='word_1_174' title='bbox 935 2409 1083 2499; x_wconf 86' lang='lat' dir='ltr'><strong>imperiali</strong></span> 
     </span>
     <span class='ocr_line' id='line_1_26' title="bbox 80 2500 1109 2587; baseline -0.003 -20"><span class='ocrx_word' id='word_1_175' title='bbox 80 2503 234 2567; x_wconf 87' lang='lat' dir='ltr'><strong>mandato</strong></span> <span class='ocrx_word' id='word_1_176' title='bbox 249 2502 431 2587; x_wconf 85' lang='lat' dir='ltr'><strong>praefatam</strong></span> <span class='ocrx_word' id='word_1_177' title='bbox 445 2501 606 2569; x_wconf 89' lang='lat' dir='ltr'><strong>Helenam</strong></span> <span class='ocrx_word' id='word_1_178' title='bbox 623 2503 656 2567; x_wconf 92' lang='lat' dir='ltr'><strong>in</strong></span> <span class='ocrx_word' id='word_1_179' title='bbox 666 2502 814 2567; x_wconf 89' lang='lat' dir='ltr'><strong>custodia</strong></span> <span class='ocrx_word' id='word_1_180' title='bbox 827 2524 885 2567; x_wconf 86' lang='lat' dir='ltr'><strong>sua</strong></span> <span class='ocrx_word' id='word_1_181' title='bbox 899 2503 985 2568; x_wconf 87' lang='lat' dir='ltr'><strong>clam</strong></span> <span class='ocrx_word' id='word_1_182' title='bbox 999 2500 1109 2568; x_wconf 73' lang='lat' dir='ltr'><strong>susci-¹⁸</strong></span> 
     </span>
     <span class='ocr_line' id='line_1_27' title="bbox 79 2591 1055 2676; baseline 0.003 -22"><span class='ocrx_word' id='word_1_183' title='bbox 79 2592 172 2676; x_wconf 91' lang='lat' dir='ltr'><strong>piens</strong></span> <span class='ocrx_word' id='word_1_184' title='bbox 196 2614 237 2656; x_wconf 92' lang='lat' dir='ltr'><strong>ne</strong></span> <span class='ocrx_word' id='word_1_185' title='bbox 261 2591 419 2656; x_wconf 92' lang='lat' dir='ltr'><strong>dedomo</strong></span> <span class='ocrx_word' id='word_1_186' title='bbox 444 2614 503 2656; x_wconf 90' lang='lat' dir='ltr'><strong>sua</strong></span> <span class='ocrx_word' id='word_1_187' title='bbox 525 2592 690 2657; x_wconf 86' lang='lat' dir='ltr'><strong>recederet</strong></span> <span class='ocrx_word' id='word_1_188' title='bbox 712 2592 852 2655; x_wconf 91' lang='lat' dir='ltr'><strong>sollicite</strong></span> <span class='ocrx_word' id='word_1_189' title='bbox 876 2591 1055 2657; x_wconf 76' lang='lat' dir='ltr'><strong>custodiuit</strong></span> 
     </span>
     <span class='ocr_line' id='line_1_28' title="bbox 46 2677 1084 2765; baseline -0.004 -20"><span class='ocrx_word' id='word_1_190' title='bbox 46 2691 66 2754; x_wconf 85' lang='lat'><strong>3</strong></span> <span class='ocrx_word' id='word_1_191' title='bbox 169 2680 339 2765; x_wconf 82' lang='lat' dir='ltr'><strong>Peregrini</strong></span> <span class='ocrx_word' id='word_1_192' title='bbox 367 2684 476 2745; x_wconf 87' lang='lat' dir='ltr'><strong>autem</strong></span> <span class='ocrx_word' id='word_1_193' title='bbox 506 2680 563 2745; x_wconf 88' lang='lat' dir='ltr'><strong>alii</strong></span> <span class='ocrx_word' id='word_1_194' title='bbox 591 2681 659 2744; x_wconf 90' lang='lat' dir='ltr'><strong>eius</strong></span> <span class='ocrx_word' id='word_1_195' title='bbox 683 2679 825 2745; x_wconf 87' lang='lat' dir='ltr'><strong>consocii</strong></span> <span class='ocrx_word' id='word_1_196' title='bbox 853 2680 991 2765; x_wconf 87' lang='lat' dir='ltr'><strong>expletis</strong></span> <span class='ocrx_word' id='word_1_197' title='bbox 1012 2677 1084 2747; x_wconf 82' lang='lat' dir='ltr'><strong>rotis</strong></span> 
     </span>
    </p>
   </div>
   <div class='ocr_carea' id='block_1_5' title="bbox 80 2922 1092 3424">
    <p class='ocr_par' dir='ltr' id='par_1_7' title="bbox 80 2922 1091 3424">
     <span class='ocr_line' id='line_1_29' title="bbox 159 2922 1088 3007; baseline 0.001 -28"><span class='ocrx_word' id='word_1_198' title='bbox 159 2933 174 2980; x_wconf 82' lang='lat'><strong>2</strong></span> <span class='ocrx_word' id='word_1_199' title='bbox 198 2924 254 3007; x_wconf 91' lang='lat' dir='ltr'><strong>ipis</strong></span> <span class='ocrx_word' id='word_1_200' title='bbox 276 2922 437 2979; x_wconf 88' lang='lat' dir='ltr'><strong>Romano</strong></span> <span class='ocrx_word' id='word_1_201' title='bbox 428 2924 546 2994; x_wconf 87' lang='lat' dir='ltr'><strong>rmperio</strong></span> <span class='ocrx_word' id='word_1_202' title='bbox 570 2924 607 2978; x_wconf 99' lang='lat' dir='ltr'><strong>F.</strong></span> <span class='ocrx_word' id='word_1_203' title='bbox 631 2927 663 2979; x_wconf 78' lang='lat' dir='ltr'><strong>io</strong></span> <span class='ocrx_word' id='word_1_204' title='bbox 681 2926 1088 2997; x_wconf 76' lang='lat' dir='ltr'><strong>Docrbadeletasmst.1pn</strong></span> 
     </span>
     <span class='ocr_line' id='line_1_30' title="bbox 80 2996 1088 3067; baseline 0.003 -17"><span class='ocrx_word' id='word_1_205' title='bbox 80 2996 565 3067; x_wconf 79' lang='lat' dir='ltr'><strong>paodipsisaoapraebctseasam,</strong></span> <span class='ocrx_word' id='word_1_206' title='bbox 584 2996 750 3078; x_wconf 78' lang='lat' dir='ltr'><strong>eximperio</strong></span> <span class='ocrx_word' id='word_1_207' title='bbox 765 3003 863 3067; x_wconf 65' lang='lat' dir='ltr'><strong>onam,</strong></span> <span class='ocrx_word' id='word_1_208' title='bbox 878 3001 1088 3055; x_wconf 66' lang='lat' dir='ltr'><strong>alteroccam</strong></span> 
     </span>
     <span class='ocr_line' id='line_1_31' title="bbox 80 3066 1089 3191; baseline -0.001 -69"><span class='ocrx_word' id='word_1_209' title='bbox 80 3068 166 3191; x_wconf 58' lang='lat' dir='ltr'><strong>ppppdt</strong></span> <span class='ocrx_word' id='word_1_210' title='bbox 174 3069 297 3137; x_wconf 73' lang='lat' dir='ltr'><strong>aepactas</strong></span> <span class='ocrx_word' id='word_1_211' title='bbox 319 3066 511 3122; x_wconf 79' lang='lat' dir='ltr'><strong>uocabulum</strong></span> <span class='ocrx_word' id='word_1_212' title='bbox 503 3066 622 3138; x_wconf 91' lang='lat' dir='ltr'><strong>1mperio</strong></span> <span class='ocrx_word' id='word_1_213' title='bbox 645 3070 788 3124; x_wconf 76' lang='lat' dir='ltr'><strong>delendam</strong></span> <span class='ocrx_word' id='word_1_214' title='bbox 806 3085 861 3124; x_wconf 84' lang='lat' dir='ltr'><strong>csse</strong></span> <span class='ocrx_word' id='word_1_215' title='bbox 883 3072 995 3126; x_wconf 63' lang='lat' dir='ltr'><strong>suamet</strong></span> <span class='ocrx_word' id='word_1_216' title='bbox 1029 3067 1089 3123; x_wconf 73' lang='lat' dir='ltr'><strong>(tou-</strong></span> 
     </span>
     <span class='ocr_line' id='line_1_32' title="bbox 80 3137 1090 3294; baseline 0.003 -32.003"><span class='ocrx_word' id='word_1_217' title='bbox 80 3155 108 3294; x_wconf 70' lang='lat' dir='ltr'><strong>t&gt;</strong></span> <span class='ocrx_word' id='word_1_218' title='bbox 125 3137 306 3292; x_wconf 63' lang='lat' dir='ltr'><strong>{taurus</strong></span> <span class='ocrx_word' id='word_1_219' title='bbox 320 3137 643 3266; x_wconf 56' lang='lat' dir='ltr'><strong>slttttttt</strong></span> <span class='ocrx_word' id='word_1_220' title='bbox 656 3141 944 3267; x_wconf 58' lang='lat' dir='ltr'><strong>ttttttlstt?</strong></span> <span class='ocrx_word' id='word_1_221' title='bbox 962 3142 1090 3265; x_wconf 57' lang='grc' dir='ltr'>Ἥ</span> 
     </span>
     <span class='ocr_line' id='line_1_33' title="bbox 80 3280 1092 3362; baseline 0.002 -28"><span class='ocrx_word' id='word_1_222' title='bbox 80 3283 138 3362; x_wconf 79' lang='lat' dir='ltr'><strong>ipse</strong></span> <span class='ocrx_word' id='word_1_223' title='bbox 151 3282 261 3336; x_wconf 78' lang='lat' dir='ltr'><strong>conieci</strong></span> <span class='ocrx_word' id='word_1_224' title='bbox 354 3287 387 3336; x_wconf 78' lang='lat'><strong>12</strong></span> <span class='ocrx_word' id='word_1_225' title='bbox 402 3281 480 3349; x_wconf 79' lang='lat' dir='ltr'><strong>tybis</strong></span> <span class='ocrx_word' id='word_1_226' title='bbox 495 3283 533 3348; x_wconf 91' lang='lat' dir='ltr'><strong>D,</strong></span> <span class='ocrx_word' id='word_1_227' title='bbox 552 3283 647 3337; x_wconf 78' lang='lat' dir='ltr'><strong>tiberis</strong></span> <span class='ocrx_word' id='word_1_228' title='bbox 660 3282 698 3338; x_wconf 95' lang='lat' dir='ltr'><strong>F.</strong></span> <span class='ocrx_word' id='word_1_229' title='bbox 793 3281 869 3352; x_wconf 84' lang='lat' dir='ltr'><strong>13ip</strong></span> <span class='ocrx_word' id='word_1_230' title='bbox 872 3298 932 3336; x_wconf 86' lang='lat' dir='ltr'><strong>sam</strong></span> <span class='ocrx_word' id='word_1_231' title='bbox 945 3280 1092 3347; x_wconf 82' lang='lat' dir='ltr'><strong>fuissetD,</strong></span> 
     </span>
     <span class='ocr_line' id='line_1_34' title="bbox 80 3300 1091 3424; baseline 0.002 -17"><span class='ocrx_word' id='word_1_232' title='bbox 80 3350 206 3407; x_wconf 80' lang='lat' dir='ltr'><strong>fuisset</strong></span> <span class='ocrx_word' id='word_1_233' title='bbox 199 3368 290 3422; x_wconf 88' lang='lat' dir='ltr'><strong>1psam</strong></span> <span class='ocrx_word' id='word_1_234' title='bbox 308 3352 345 3406; x_wconf 92' lang='lat' dir='ltr'><strong><em>F.</em></strong></span> <span class='ocrx_word' id='word_1_235' title='bbox 445 3361 479 3408; x_wconf 80' lang='lat'><strong>14</strong></span> <span class='ocrx_word' id='word_1_236' title='bbox 497 3324 718 3424; x_wconf 80' lang='lat' dir='ltr'><strong>pdlcritudinem</strong></span> <span class='ocrx_word' id='word_1_237' title='bbox 737 3353 773 3408; x_wconf 90' lang='lat' dir='ltr'><strong><em>F</em></strong></span> <span class='ocrx_word' id='word_1_238' title='bbox 851 3300 903 3408; x_wconf 80' lang='lat' dir='ltr'><strong>p19</strong></span> <span class='ocrx_word' id='word_1_239' title='bbox 923 3352 1004 3408; x_wconf 87' lang='lat' dir='ltr'><strong>sicud</strong></span> <span class='ocrx_word' id='word_1_240' title='bbox 1021 3352 1091 3409; x_wconf 72' lang='lat' dir='ltr'><strong>codd</strong></span> 
     </span>
    </p>
   </div>
   <div class='ocr_carea' id='block_1_6' title="bbox 58 3412 1129 3570">
    <p class='ocr_par' dir='ltr' id='par_1_8' title="bbox 58 3412 1129 3557">
     <span class='ocr_line' id='line_1_35' title="bbox 74 3412 1129 3541; baseline 0.001 -63"><span class='ocrx_word' id='word_1_241' title='bbox 74 3430 110 3480; x_wconf 80' lang='lat' dir='ltr'><strong>at</strong></span> <span class='ocrx_word' id='word_1_242' title='bbox 124 3441 212 3495; x_wconf 77' lang='lat' dir='ltr'><strong>caepe.</strong></span> <span class='ocrx_word' id='word_1_243' title='bbox 307 3430 342 3480; x_wconf 77' lang='lat'><strong>20</strong></span> <span class='ocrx_word' id='word_1_244' title='bbox 360 3426 522 3496; x_wconf 87' lang='lat' dir='ltr'><strong>poteramus</strong></span> <span class='ocrx_word' id='word_1_245' title='bbox 542 3426 636 3492; x_wconf 83' lang='lat' dir='ltr'><strong>codd.</strong></span> <span class='ocrx_word' id='word_1_246' title='bbox 656 3424 812 3494; x_wconf 86' lang='lat' dir='ltr'><strong>poterimus</strong></span> <span class='ocrx_word' id='word_1_247' title='bbox 830 3426 937 3494; x_wconf 78' lang='lat' dir='ltr'><strong>scripsi</strong></span> <span class='ocrx_word' id='word_1_248' title='bbox 1016 3429 1049 3480; x_wconf 74' lang='grc'><strong>26</strong></span> <span class='ocrx_word' id='word_1_249' title='bbox 1066 3412 1129 3541; x_wconf 63' lang='lat' dir='ltr'><strong>et,</strong></span> 
     </span>
     <span class='ocr_line' id='line_1_36' title="bbox 58 3498 385 3570; baseline 0.028 -22"><span class='ocrx_word' id='word_1_250' title='bbox 58 3511 102 3551; x_wconf 89' lang='lat' dir='ltr'><strong>ne</strong></span> <span class='ocrx_word' id='word_1_251' title='bbox 120 3500 216 3570; x_wconf 70' lang='lat' dir='ltr'><strong>codri,</strong></span> <span class='ocrx_word' id='word_1_252' title='bbox 237 3498 269 3556; x_wconf 82' lang='lat' dir='ltr'><strong>ct</strong></span> <span class='ocrx_word' id='word_1_253' title='bbox 288 3499 385 3557; x_wconf 78' lang='lat' dir='ltr'><strong>deleci-</strong></span> 
     </span>
    </p>
   </div>
   <div class='ocr_carea' id='block_1_7' title="bbox 0 0 1182 3846">
    <p class='ocr_par' dir='ltr' id='par_1_9' title="bbox 0 0 1182 3846">
     <span class='ocr_line' id='line_1_37' title="bbox 0 0 1182 3846; baseline 0 0"><span class='ocrx_word' id='word_1_254' title='bbox 0 0 1182 3846; x_wconf 95' lang='lat' dir='ltr'><strong> </strong></span> 
     </span>
    </p>
   </div>
  </div>
 </body>
</html>
