2370 3834
260 155 515 212 HlSTORIARUM
531 155 747 211 ALEXANDRI
764 155 816 224 IV,
836 162 861 225 1,
1025 155 1067 220 31

57 303 217 366 vetustate
245 300 393 384 famaque
420 300 621 366 conditorum
643 301 796 365 inolitam,
841 299 1013 385 Regnabat
1034 300 1069 364 in
1089 322 1121 370 re

57 411 95 454 ea
118 387 242 472 Strato,
270 387 368 453 Darei
391 388 506 471 opibus
529 387 656 453 adiutus
659 437 754 453 .....
799 387 862 454 Sed
885 388 961 472 quia
983 387 1070 453 dedi·

56 478 180 542 tionem
209 477 314 562 magis
345 477 548 560 popularium
580 498 678 560 quam
710 498 768 541 sua
799 480 912 560 sponte
940 477 1070 560 fecerat,

56 585 158 650 regno
186 565 273 629 visus
299 564 453 649 indignus
479 563 775 647 Hephaestionique
797 565 1002 648 permissum,
1023 568 1070 649 ut,

57 674 152 737 quem
180 674 217 717 eo
244 653 375 737 fastigio
402 673 418 716 e
441 650 581 717 Sidoniis
604 652 828 736 dignissimum
851 653 1070 737 arbitraretur,

57 742 267 805 constitueret
288 761 406 825 regem.
449 739 556 804 Erant
577 740 812 824 Hephaestioni
834 741 894 806 duo
915 740 1069 825 hospites,
1089 760 1121 808 1⁷

57 829 137 893 olari
163 829 248 892 inter
275 850 350 893 suos
376 829 521 893 iuvenes:
553 829 608 913 qui
630 828 716 893 faeta
737 828 816 912 ipsis
839 831 999 912 potestate
1020 849 1068 892 re·

56 915 179 1002 gnandi
196 919 405 1001 negaverunt,
430 937 623 1000 quemquam
639 916 746 1001 patrio
763 937 852 981 more
869 916 905 979 in
922 916 955 979 id
978 916 1068 980 fasti-

56 1004 147 1089 gium
169 1005 276 1087 reeipi,
298 1005 361 1069 nisi
383 1006 473 1089 regia
496 1006 595 1088 stirpe
623 1009 738 1070 ortum.
792 1004 981 1068 Admiratus
1003 1002 1067 1068 He·
1088 1022 1121 1072 ιε

55 1091 228 1176 phaestion
258 1092 513 1176 magnitudinem
545 1094 645 1157 animi
671 1093 865 1177 spernentis,
898 1092 983 1176 quod
1014 1092 1069 1156 alii

54 1201 113 1263 per
135 1180 227 1265 ignes
249 1180 432 1263 ferrumque
454 1183 610 1263 peterent,
633 1179 712 1246 ‘Vos
735 1181 864 1264 quidem
886 1180 984 1244 macti
1006 1180 1069 1243 vir·

54 1266 149 1352 tute',
178 1269 296 1352 inquit,
329 1271 460 1350 ‘estote,
493 1269 549 1353 qui
576 1269 671 1351 primi
697 1268 914 1352 intellexistis,
946 1271 1068 1350 quanto

54 1356 162 1421 maius
185 1360 271 1420 esset
291 1376 427 1441 regnum
449 1356 594 1420 fastidire
617 1378 714 1439 quam
736 1358 886 1440 accipere.
919 1354 1068 1422 Ceterum

54 1444 130 1508 date
153 1444 292 1528 aliquem
314 1443 422 1528 regiae
444 1444 563 1527 stirpis,
586 1445 641 1528 qui
663 1445 846 1509 meminerit
868 1467 888 1508 a
905 1444 997 1509 vobis
1016 1465 1067 1508 ao·

54 1535 184 1614 ceptum
201 1531 320 1596 habere
339 1553 372 1595 se
391 1531 547 1616 regnum?
579 1533 686 1616 Atque
705 1533 761 1616 illi,
779 1554 851 1597 eum
870 1533 989 1597 multos
1008 1532 1066 1595 im·
1087 1549 1119 1597 19

54 1621 178 1684 minere
226 1622 338 1683 tantae
388 1618 456 1702 spei
501 1624 668 1684 cernerent
713 1621 849 1705 singulis
892 1621 1067 1684 amisorum

53 1705 231 1772 Alexandri
266 1707 309 1771 ob
344 1707 478 1771 nimiam
516 1709 610 1792 regni
646 1708 853 1791 eupiditatem
890 1708 1067 1791 adulantes,

54 1797 206 1860 statuunt
226 1795 390 1859 neminem
412 1816 481 1859 esse
503 1796 661 1879 potiorem
684 1817 781 1880 quam
803 1795 1067 1878 Abdalonymum

54 1882 229 1968 quendam,
258 1883 360 1967 longa
386 1883 515 1966 quidem
542 1883 735 1968 cognatione
762 1883 855 1966 stirpi
882 1883 989 1967 regiae
1012 1883 1067 1947 ad·

53 1991 187 2053 nexum,
220 1970 276 2035 sed
307 1971 349 2035 ob
376 1971 520 2054 inopiam
547 1971 767 2036 suburbanum
793 1971 924 2035 hortum
952 1971 1067 2055 exigua

54 2059 213 2124 colentem
245 2059 336 2142 stipe.
389 2057 493 2123 (lausa
520 2059 550 2123 ei
575 2059 774 2143 paupertatis
798 2059 882 2124 sieut
907 2059 1067 2142 plerisque
1086 2075 1120 2125 20

53 2145 201 2231 probitas
224 2150 306 2212 erat:
337 2146 543 2230 intentusque
570 2148 660 2230 operi
687 2146 800 2212 diurno
824 2147 995 2229 strepitum
1018 2168 1067 2210 ar-

54 2255 193 2318 morum,
214 2235 270 2318 qui
291 2237 396 2299 totam
409 2235 522 2299 Asiam
545 2238 759 2318 oeneusserat,
781 2255 849 2300 non
870 2233 1067 2300 exaudiebat.

15 2319 172 2388 4Subito
194 2321 317 2406 deinde,
342 2321 381 2387 de
404 2323 520 2407 quibus
543 2327 618 2387 ante
640 2323 762 2387 dietum
784 2326 842 2407 est,
865 2344 938 2386 eum
959 2323 1066 2406 regiae
1085 2339 1117 2389 21

54 2410 154 2474 vestis
180 2409 362 2494 insignibus
388 2411 519 2476 hortum
541 2411 679 2494 intrant,
710 2431 805 2495 quem
826 2411 911 2474 forte
944 2411 1066 2474 steriles

54 2498 174 2563 herbas
202 2498 325 2584 eligens
351 2497 597 2583 Abdalonymus
623 2498 828 2582 repurgabat.
876 2496 961 2562 Tum
992 2518 1067 2582 rege
1085 2517 1118 2564 22

57 2607 96 2651 eo
120 2586 258 2651 salutato
282 2587 364 2651 alter
385 2607 425 2651 ex
446 2586 512 2670 his,
537 2585 710 2670 ‘Habitus',
731 2587 850 2670 inquit,
874 2585 938 2649 ‘hie
959 2586 1067 2669 vestis,

56 2694 153 2758 quem
175 2675 279 2739 earnis
301 2675 336 2738 in
358 2675 439 2739 meis
460 2675 623 2758 manibus,
645 2695 719 2739 eum
740 2675 804 2739 isto
827 2674 974 2757 squalore
996 2694 1067 2757 per·
1103 2732 1107 2737 .

55 2761 230 2827 mutandus
266 2763 328 2827 tibi
363 2766 421 2828 est.
473 2762 578 2827 Ablue
617 2783 732 2846 eorpus
762 2762 882 2827 inluvie
912 2762 1067 2845 tetrisque

57 2848 206 2915 sordibus
238 2849 431 2935 squalidum:
467 2871 544 2936 cape
575 2851 662 2936 regis
694 2851 837 2916 animum
869 2854 902 2913 et
932 2850 967 2913 in
996 2870 1067 2913 eam

55 2937 233 3022 fortunam,
264 2961 329 3023 qua
355 2939 472 3024 dignus
499 2961 547 3023 es,
575 2940 673 3004 istem
698 2939 929 3004 continentiam
951 2937 1068 3020 perfer.

55 3023 105 3090 Et
132 3046 205 3090 eum
231 3027 267 3090 in
292 3027 395 3112 regali
418 3027 498 3091 solio
519 3026 687 3111 residebis,
718 3027 803 3091 vitae
828 3026 977 3109 necisque
1001 3047 1067 3090 om·

55 3112 149 3178 nium
171 3114 288 3179 eivinm
311 3114 566 3198 reminescere
587 3114 787 3180 obliviscaris
802 3111 932 3195 babitus,
953 3114 990 3178 in
1004 3135 1067 3197 quo

56 3202 176 3286 aeeipis
198 3223 348 3288 regnum,
368 3202 478 3286 immo,
501 3202 639 3286 herema,
660 3205 794 3286 propter
815 3199 931 3285 quem?
976 3199 1066 3266 Som-
1085 3219 1118 3269 23

55 3289 114 3355 nio
128 3290 242 3355 similis
254 3312 307 3355 res
319 3288 548 3373 Abdalonymo
560 3290 740 3356 videbatur:
760 3288 929 3373 interdum,
945 3290 1066 3354 satisne

57 3378 131 3443 sani
153 3382 274 3462 essent,
299 3379 354 3462 qui
375 3380 443 3441 tam
465 3381 613 3460 proterve
636 3379 699 3443 sibi
721 3377 912 3461 inluderent,
932 3398 1066 3461 percon-

54 3466 196 3531 tabatur.
231 3463 294 3531 Sed
315 3468 353 3530 ut
375 3467 540 3531 eunetamti
571 3467 701 3549 squalor
733 3466 861 3531 ablutus
888 3468 937 3530 est
964 3468 996 3529 et
1018 3465 1065 3529 in·

54 3555 141 3620 iaetu
162 3554 261 3620 vestis
281 3575 423 3638 purpura
445 3574 586 3641 auroque
609 3552 765 3620 distinete
784 3559 823 3620 et
833 3553 1082 3618 tosseim-
