2356 3846
118 167 162 233 64
489 166 522 233 Q.
541 166 652 224 onan
669 166 758 223 aun

64 332 100 382 -ιο
118 310 335 380 Claudebatur
365 313 427 378 hoc
459 332 576 397 agmen
608 311 679 376 aliis
710 311 838 376 falcatis
867 311 1027 395 curribus,
1061 311 1135 396 quis

117 401 322 486 peregrinum
350 401 485 465 militem
509 400 705 466 adiunxerat.
750 398 847 464 Hunc
869 399 1030 483 Armenii,
1052 421 1135 484 quos

118 490 259 554 minores
282 489 459 573 appellant,
489 488 659 554 Armenios
682 487 868 570 Babylonii,
896 491 1050 572 utrosque
1073 486 1134 552 Be·

118 577 195 642 litae
222 580 255 641 et
278 578 334 662 qui
360 580 487 643 montes
515 575 727 642 Cossaeorum
749 576 935 642 incolebant
957 575 1134 661 sequeban-

68 685 99 734 11
118 670 179 730 tur.
212 665 292 730 Post
313 665 373 729 hos
396 665 490 729 ibant
511 664 662 747 Gortuae,
685 664 791 749 gentis
815 664 944 748 quidem
961 662 1134 747 Euboicae,

119 752 230 819 Medos
263 753 425 837 quondam
455 753 570 836 secuti,
601 752 657 817 sed
686 753 751 817 iam
777 752 951 836 degeneres
978 754 1012 815 et
1036 753 1135 835 patrii

123 841 222 910 moris
255 842 369 926 ignari.
413 840 623 925 Adplicuerat
649 840 700 904 his
726 839 872 924 Phrygas
903 844 937 904 et
964 837 1134 905 Cataonas.

119 929 373 1012 Parthyaeorum
401 929 514 993 deinde
542 948 635 1014 gens,
665 929 875 993 incolentium
906 931 1022 1012 terras,
1054 950 1134 1013 quas

101 1016 204 1083 'nunc
222 1017 334 1082 Parthi
349 1015 480 1100 Scythia
501 1017 639 1100 profecti
656 1020 777 1101 tenent,
796 1014 991 1081 claudebant
1009 1036 1134 1102 agmen.

67 1124 100 1174 ta
118 1105 208 1170 Haec
238 1106 361 1170 sinistri
393 1126 509 1170 cornus
540 1104 640 1186 facies
672 1105 743 1170 fuit.
791 1103 948 1169 Dextrum
978 1104 1136 1169 tenebant

118 1195 208 1258 natio
236 1194 368 1259 maioris
395 1192 568 1258 Ameriae
594 1191 786 1278 Cadusiique
814 1197 847 1257 et
869 1190 1076 1276 Cappadoces
1103 1197 1135 1258 et

119 1278 191 1364 Syri
223 1303 261 1347 aa
292 1280 387 1346 Medi.
444 1281 505 1346 His
538 1303 663 1367 quoque
694 1280 805 1346 falcati
837 1302 947 1345 currus
981 1298 1004 1344 a
1033 1284 1133 1346 erant.

66 1388 100 1438 ιι
120 1367 252 1434 Summa
274 1370 374 1434 totius
398 1370 569 1454 exercitus,
602 1369 724 1454 equites
751 1387 820 1434 xav
847 1369 950 1452 milia,
976 1369 1134 1452 pedestris

119 1458 203 1522 acies
239 1475 286 1524 Dc
321 1458 411 1522 milia
442 1458 632 1541 expleverat.
689 1457 760 1522 Hoc
796 1457 892 1522 modo
927 1457 1078 1522 instructi
1111 1476 1135 1521 x

119 1545 224 1610 stadia
259 1546 437 1629 procedunt
471 1547 613 1630 iussique
649 1547 823 1611 subsistere
859 1545 976 1610 armati
1006 1545 1134 1611 hostem

118 1633 339 1719 expectabant.

64 1742 100 1794 14
206 1718 383 1787 Alexandri
403 1721 578 1787 exercitum
600 1742 713 1805 pavor,
738 1722 827 1786 cuius
850 1742 948 1786 causa
969 1742 1037 1786 non
1059 1719 1172 1786 sub-4

118 1813 202 1894 erat,
236 1810 372 1875 invasit:
413 1810 532 1895 quippe
567 1810 726 1894 lymphati
760 1809 919 1894 trepidare
956 1814 1133 1894 coeperunt

118 1899 262 1964 omnium
285 1903 416 1982 pectora
433 1899 559 1962 occulto
576 1903 665 1962 metu
682 1901 894 1981 percurrente.
924 1896 1012 1963 Caeli
1026 1898 1134 1983 fulgor

117 1989 262 2069 tempore
289 1987 410 2051 aestivo
437 1986 563 2050 ardenti
585 1985 699 2051 similis
721 1986 912 2050 internitens
934 1987 1020 2070 ignis
1042 2008 1132 2070 prae-

59 2114 64 2126 ·
117 2074 189 2138 buit
215 2075 368 2158 speciem,
400 2073 609 2158 flammasque
637 2096 675 2138 ex
697 2073 796 2138 Darei
822 2075 935 2139 castris
959 2074 1133 2159 splendere,

67 2162 206 2232 revelat
228 2162 323 2226 inlati
344 2165 465 2226 temere
487 2161 672 2246 praesidiis,
694 2162 874 2226 credebant.
916 2161 1040 2238 Quodsi
1062 2185 1132 2247 per-

119 2250 215 2314 culsis
237 2249 400 2334 Mazaeus,
429 2250 484 2335 qui
512 2249 716 2334 praesidebat
736 2251 858 2334 itineri,
887 2252 1133 2334 supervenisset,

118 2336 233 2422 ingens
259 2337 365 2402 clades
388 2339 490 2421 accipi
511 2339 632 2421 potuit:
663 2360 763 2421 nunc,
790 2338 943 2404 dumille
967 2339 1076 2424 segnis
1098 2341 1132 2403 in

119 2446 170 2509 eo,
203 2446 298 2510 quem
329 2429 553 2510 occupaverat,
583 2428 707 2491 tumulo
735 2425 837 2511 sedet,
869 2429 1040 2493 contentus
1066 2449 1132 2493 non

67 2536 100 2585 ro
119 2515 246 2597 lacessi,
281 2513 464 2579 Alexander
499 2515 630 2600 cognito
661 2535 787 2598 pavore·
811 2515 967 2580 exercitus
995 2516 1133 2600 signum,

118 2605 155 2666 ut
182 2603 408 2686 consisterent,
444 2602 527 2685 dari,
563 2607 636 2667 ante
662 2603 752 2688 ipsos
785 2624 875 2667 arma
905 2603 1064 2687 deponere
1096 2625 1132 2668 ac

118 2691 224 2755 levare
247 2712 381 2775 corpora
402 2691 506 2775 iubet,
528 2691 712 2775 admonens,
735 2693 857 2756 nullam
882 2691 980 2756 subiti
1002 2713 1130 2757 causam

68 2798 99 2848 ιι
119 2799 189 2842 esse
211 2779 353 2863 terroris,
376 2779 504 2845 hostem
526 2781 638 2863 procul
664 2783 758 2845 stare.
803 2779 946 2844 Tandem
969 2784 1133 2864 compotes

120 2867 170 2929 sui
196 2868 316 2949 pariter
345 2889 436 2931 arma
468 2870 501 2930 ct
531 2868 657 2933 animos
682 2888 843 2952 recepere:
879 2869 1132 2953 necquicquam

119 2958 158 3016 ex
189 2955 412 3036 praesentibus
442 2955 544 3020 tutius
576 2956 680 3020 visum
707 2958 770 3039 cst,
801 2975 899 3040 quam
926 2956 1037 3021 eodem
1060 2959 1132 3022 loco

67 3062 100 3113 le
123 3044 229 3106 castra
253 3043 386 3106 munire.
431 3041 564 3108 Postero
592 3043 642 3108 die
666 3042 881 3108 Mazaeue'-
905 3066 978 3109 cum
1001 3045 1131 3110 delectis

118 3129 301 3213 equitum
291 3151 327 3192 ιιι
348 3130 435 3196 edito
458 3131 552 3215 colle,
579 3152 618 3195 ex
641 3153 704 3233 quo
725 3130 938 3198 Macedonum
959 3134 1132 3235 prospicie-

117 3217 198 3282 bant
184 3220 238 3281 tur
259 3220 375 3319 castra,
398 3181 646 3284 consederat-
665 3219 731 3284 sive
753 3223 851 3305 metu,
874 3222 940 3286 sive
962 3221 1039 3305 quia
1062 3244 1131 3307 spe·

67 3306 219 3377 1oculari
241 3305 370 3370 modo
360 3328 467 3372 1ussus
490 3310 568 3391 erat,
586 3307 627 3372 ad
642 3305 782 3373 Dareum
801 3309 905 3374 rediit
940 3308 1131 3376 Macedones

118 3416 191 3460 eum
222 3394 328 3477 ipsum
361 3395 489 3478 collem,
524 3416 619 3479 quem
651 3395 833 3462 deseruerat
818 3401 1132 3482 t,:occupaverunt

103 3502 186 3543 narn
211 3487 247 3544 et
267 3483 371 3547 tutior
383 3483 523 3567 planitie
541 3488 611 3550 erat
596 3486 662 3549 ett
680 3484 755 3550 inde
773 3487 856 3552 acies
873 3487 1025 3572 hostium,
1049 3509 1131 3573 quae

25 3575 69 3621 eo
84 3563 124 3622 in
158 3585 282 3651 campo
309 3572 555 3662 explicabohu,
586 3572 735 3661 conspici
756 3579 896 3660 poterat
934 3573 1004 3638 bed
1023 3576 1140 3658 caligo,
