2356 3846
129 137 196 202 234
498 136 530 203 Q.
549 135 658 192 CURTI
674 136 761 193 RUFI

92 281 356 347 contecedimue.
405 278 468 344 Sed
499 281 528 346 si
560 278 669 346 audire
704 280 754 346 vis
783 301 851 347 non
880 281 975 346 fictas
1006 283 1130 345 tuorum

127 371 268 435 militum
299 390 408 452 voces,
442 390 552 433 verum
587 369 780 434 necessitate
811 369 927 433 ultima
958 389 1131 453 expressas,

126 459 261 542 praebe,
288 479 422 542 quaeso,
448 457 606 540 propitias
634 479 727 522 aures
754 457 927 541 imperium
953 459 1055 540 atque
1083 477 1130 521 su·

127 547 263 631 spicium
293 549 386 610 tuum
413 545 676 610 constantissime
707 547 826 611 secutis
859 548 905 629 et,
937 565 1131 630 quocumque

90 635 248 718 spergis,
284 634 450 700 secuturis.
503 632 635 715 Vicisti,
669 653 739 716 rex,
775 633 1000 718 magnitudine
1031 654 1133 698 rerum

125 745 191 787 non
212 722 323 788 hostes
346 722 457 805 modo,
480 721 536 786 sed
563 721 663 786 etiam
690 722 820 787 milites.
865 721 1030 806 Quidquid
1053 743 1133 786 mor·

125 811 235 876 talitas
254 832 368 894 capere
387 813 525 894 poterat,
544 810 745 893 inplevimus.
781 809 932 876 Emensis
951 809 1060 874 maria
1076 813 1132 874 ter·

124 921 241 984 rasque
268 900 381 963 melius
413 898 507 962 nobis
535 920 632 981 quam
664 897 781 962 incolis
809 898 918 964 c‘mnia
943 901 1028 963 nota
1056 901 1134 963 sunt.

87 986 231 1051 8Paene
257 988 293 1051 in
322 987 438 1052 ultimo
469 986 581 1050 mundi
607 986 670 1050 fine
699 987 916 1053 consistimus.
966 984 1006 1050 In
1039 987 1134 1052 alium
1174 1032 1177 1067 ;

130 1075 241 1140 orbem
276 1096 374 1158 paras
410 1075 456 1138 ire
490 1078 523 1139 et
556 1073 683 1138 Indiam
720 1075 848 1158 quaeris
883 1074 972 1139 Indis
1010 1096 1134 1160 quoqne
1175 1070 1177 1077 ’

124 1163 284 1247 ignotam:
308 1164 393 1237 inter
417 1163 503 1226 feras
531 1165 760 1247 serpentesque
786 1163 938 1247 degentes
962 1184 1078 1228 eruere
1100 1184 1136 1227 cx

123 1251 258 1315 latebris
291 1255 324 1315 et
360 1251 521 1315 cubilibus
555 1250 623 1314 suis
656 1251 794 1336 expetis,
829 1254 867 1315 ut
897 1251 1004 1336 plura,
1043 1273 1135 1336 quam

88 1340 175 1402 aso]
208 1339 308 1422 videt,
340 1338 474 1404 victoria
504 1338 632 1404 lustres.
681 1339 790 1424 Digna
816 1361 949 1422 prorsus
977 1340 1134 1426 cogitatio

124 1427 232 1490 animo
250 1429 318 1510 tuo,
341 1426 397 1491 sed
416 1426 514 1491 altior
531 1431 653 1492 nostro.
694 1426 807 1493 Virtus
828 1428 913 1492 enim
931 1432 990 1495 tua
1010 1449 1135 1513 semper

71 1524 105 1575 ιο
124 1515 376 1580 deincremento
395 1515 465 1599 erit,
482 1517 596 1580 nostra
615 1515 664 1579 vis
682 1516 748 1580 iam
769 1517 804 1580 in
827 1517 890 1580 fine
909 1519 968 1581 cst.
1006 1515 1135 1582 Intuere

124 1624 259 1685 corpora
282 1603 471 1687 exsanguia,
497 1605 549 1668 tct
570 1603 718 1687 perfossa
745 1604 948 1688 vulneribus,
975 1608 1029 1668 tot
1056 1605 1135 1670 cica-

123 1691 257 1755 tricibus
281 1693 397 1774 putria.
432 1690 503 1755 Iam
526 1692 592 1754 tela
614 1691 745 1756 hebetia
769 1697 857 1775 sunt,
880 1693 945 1756 iam
969 1714 1065 1757 arma
1088 1693 1135 1758 de

122 1779 243 1844 ficiunt.
293 1778 427 1844 Vestem
454 1779 620 1844 Persicam
646 1780 822 1863 induimus,
853 1781 930 1864 quia
958 1780 1133 1847 domestica

72 1878 104 1927 11
125 1868 260 1931 subvehi
288 1889 353 1932 non
380 1870 497 1951 potest.
542 1867 583 1931 In
610 1872 778 1933 externum
805 1868 1054 1953 degustavimus
1077 1870 1134 1936 cul-

123 1959 202 2020 tum.
246 1955 352 2032 Quoto
380 1955 493 2040 cuique
525 1954 628 2020 lorica
659 1956 731 2021 est?
764 1957 836 2041 quis
868 1978 987 2041 equum
1015 1956 1136 2024 habet?

19 2054 30 2073 ·
122 2041 202 2108 Iube
235 2045 361 2128 quaeri,
398 2065 495 2128 quam
527 2044 648 2108 multos
680 2045 766 2109 servi
797 2046 940 2129 ipsorum
972 2046 1137 2128 persecuti

124 2131 205 2214 sint,
224 2132 299 2215 quid
319 2133 432 2215 cuique
451 2132 592 2215 supersit
608 2153 646 2196 ex
664 2132 793 2215 praeda.
824 2132 976 2198 Omnium
994 2134 1135 2201 victores

124 2221 268 2283 omnium
295 2221 406 2303 inopes
440 2241 559 2283 sumus.
603 2217 673 2284 Nee
699 2221 825 2284 luxuria
851 2220 1054 2307 laboramus,
1082 2223 1136 2289 sed

71 2319 104 2368 12
123 2306 209 2371 bello
232 2306 447 2372 instrumenta
469 2307 548 2371 belli
570 2308 840 2391 consumpsimus.
884 2307 980 2372 Hunc
1003 2312 1041 2374 tu
1066 2312 1137 2396 pul·

123 2394 318 2459 cherrimum
342 2395 517 2459 exercitum
538 2395 661 2460 nudum
680 2396 798 2460 obicies
821 2394 948 2460 beluis?
990 2396 1136 2472 Quarum

124 2485 161 2546 ut
174 2482 415 2547 multitudinem
430 2487 571 2567 augeant
584 2481 631 2546 de'
641 2483 802 2548 industria
819 2484 960 2567 barbari,
978 2506 1136 2572 magnum

123 2573 233 2634 tamen
265 2591 335 2635 esse
366 2592 537 2634 numerum
570 2570 670 2635 etiam
703 2593 740 2634 ex
772 2572 939 2637 mendacio
968 2573 1136 2660 intellego.

74 2669 105 2718 13
125 2656 247 2733 Quodsi
275 2659 378 2723 adhuc
405 2661 574 2740 penetrare
601 2658 637 2722 in
658 2657 784 2723 Indiam
807 2662 930 2724 certum
953 2665 1016 2737 est,
1044 2666 1136 2750 regio

124 2768 144 2809 a
171 2746 304 2810 meridie
334 2747 441 2811 minus
468 2750 562 2811 vasta
590 2751 654 2830 est,
686 2768 750 2830 qua
777 2747 912 2812 subacta
942 2749 1056 2816 licebit
1084 2752 1136 2818 de·

124 2853 250 2897 currere
273 2834 308 2898 in
331 2833 411 2898 illud
434 2854 536 2914 mare,
560 2834 644 2916 quod
666 2835 762 2899 rebus
785 2834 936 2900 humanis
958 2833 1136 2906 terminum

72 2929 106 2980 14
123 2920 227 3008 voluit
249 2942 319 2985 esse
340 2924 467 2984 natura.
512 2917 578 2986 Our
601 2922 734 2986 circuitu
761 2923 847 3006 petis
871 2924 1023 3009 gloriam,
1056 2949 1136 3013 quas

124 3006 164 3071 ad
193 3029 324 3072 manum
351 3007 461 3092 posita
480 3009 560 3088 est?
588 3010 636 3073 sic
663 3031 789 3094 quoque
817 3012 956 3077 occurrit
978 3011 1135 3083 Oceanus.

123 3094 196 3159 Nisi
218 3097 320 3160 mavis
344 3117 460 3179 errare,
482 3098 698 3180 pervenimus,
720 3120 782 3182 quo
807 3102 865 3165 tua
887 3099 1019 3166 fortuna
1038 3104 1134 3171 ducit

72 3193 104 3245 11
123 3180 213 3246 Haec
231 3186 338 3248 tecum
357 3206 454 3268 quam
468 3185 538 3249 sine
556 3188 589 3250 te
604 3184 747 3251 cum-his
766 3187 855 3271 loqui
871 3188 981 3273 malui,
998 3213 1069 3258 nen
1087 3194 1133 3259 uti

122 3270 237 3336 inirem
260 3270 498 3337 circumstantis
522 3274 680 3339 exercitus
703 3276 856 3359 gratiam,
884 3276 940 3342 sed
962 3282 1000 3343 ut
1020 3302 1133 3347 vocem

123 3359 325 3444 loquentium
347 3361 456 3444 potius
479 3384 576 3447 quam
603 3362 761 3447 gemitum
783 3367 1056 3433 murmurantium
1080 3392 1132 3437 au-

66 3458 103 3508 rs
121 3446 228 3514 dites?
267 3447 315 3514 Ut
337 3449 433 3514 finem
453 3451 592 3516 crationi
611 3449 736 3516 (loenns
754 3450 913 3537 inposuit,
936 3454 1060 3522 clamor
1077 3457 1151 3524 un·l

108 3535 210 3626 dique
239 3561 314 3608 cum
345 3538 480 3630 ploratu
507 3538 628 3624 oritur,
649 3559 778 3624 regem,
798 3543 941 3623 patrem,
964 3542 1131 3612 dominum
