2356 3846
267 151 522 207 HISTORIARUM
540 152 755 208 maxumum
772 157 832 226 VH,
848 166 872 214 2.
1009 156 1072 220 155

60 296 238 361 stituerunt
259 296 365 380 prima
386 296 458 360 luce
481 296 522 360 ad
540 295 788 362 Parmenionem
811 297 910 363 coire:
932 318 1072 383 namque

60 385 175 449 ceteris
207 405 334 467 quoque
361 384 489 448 litteras
512 385 600 469 regis
628 386 791 450 attulerat.
837 386 906 450 lam
935 387 1072 451 adeum

59 471 190 536 venturi
218 475 323 554 erant,
351 494 424 536 cum
446 471 653 537 Parmenioni
676 472 917 556 Polydamanta
943 475 1071 539 venisse

58 560 299 626 nuntiaverunt.
340 559 403 637 Qui
422 560 497 624 dum
516 560 657 625 laetatur
676 561 816 626 adventu
836 563 941 646 amici,
963 563 1072 627 simul·
1090 577 1123 626 21

60 669 123 733 que
141 648 304 731 noscendi,
326 670 408 732 quae
426 670 483 713 rex
502 652 622 734 ageret,
641 649 753 713 avidus
775 685 813 695 -
834 651 953 734 quippe
972 650 1071 736 longo

59 737 233 800 intervallo
256 737 378 802 nullam
401 737 443 801 ab
467 758 504 802 eo
528 737 701 820 epistolam
724 742 892 820 acceperat
917 774 953 784 -
978 738 1072 824 Poly·

60 825 215 889 damanta
237 825 358 908 requiri
375 825 474 889 iubet.
515 823 708 890 Deversoria
730 826 874 910 regionis
897 826 986 891 illius
1005 849 1072 892 ma·
1091 841 1125 891 22

62 934 146 997 gnos
160 933 304 977 recessus
317 913 441 978 habent
454 935 670 997 amoenosque
683 915 869 980 nemoribus
883 936 979 979 manu
998 936 1073 980 eon-

60 1001 149 1065 sitis:
168 1022 208 1065 ea
224 1001 394 1084 praecipue
412 1020 526 1086 regum
545 1006 812 1086 satraparumque
830 1003 980 1086 voluptas
995 1007 1073 1068 erat.

62 1087 275 1172 Spatiabatur
295 1089 330 1153 in
347 1110 478 1154 nemore
496 1089 690 1155 Parmenion
713 1090 837 1155 medius
859 1091 945 1155 inter
968 1092 1073 1174 duces,
1092 1105 1126 1154 23

60 1177 180 1261 quibus
208 1181 278 1242 erat
306 1178 502 1262 imperatum
530 1178 650 1242 litteris
681 1179 784 1264 regis,
815 1182 852 1243 ut
884 1179 1073 1244 occiderent.

60 1265 217 1349 Agendae
240 1269 348 1330 autem
370 1267 419 1332 rei
437 1267 671 1332 constituerant
689 1272 827 1351 tempus,
850 1289 923 1331 cum
945 1267 1073 1332 Parme·

60 1354 140 1418 nion
163 1376 183 1418 a
204 1352 438 1437 Polydamante
464 1355 591 1420 litteras
614 1354 751 1419 traditas
774 1355 882 1438 legere
906 1357 1073 1439 coepisset.

59 1440 256 1526 Polydamas
275 1443 387 1525 procul
405 1443 549 1525 veniens,
567 1447 605 1507 ut
619 1465 639 1507 a
652 1442 864 1508 Parmenione
883 1446 1073 1526 conspectus
1092 1458 1127 1507 24

61 1535 122 1614 est,
145 1531 237 1595 vultu
259 1530 407 1595 laetitiae
425 1530 564 1614 speciem
587 1531 789 1614 praeferente
812 1532 853 1596 ad
872 1532 1073 1616 conplecten-

60 1618 141 1682 dum
163 1639 237 1683 eum
254 1618 396 1683 cucurrit
413 1622 589 1702 mutuaque
607 1620 826 1703 gratulatione
845 1619 957 1702 functi,
980 1619 1075 1704 Poly·

61 1707 175 1771 damas
204 1707 376 1789 epistolam
399 1728 419 1771 a
441 1727 518 1790 rege
541 1707 696 1790 scriptam
719 1708 749 1771 ei
770 1708 917 1790 tradidit,
946 1706 1074 1772 Parme·
1093 1721 1127 1771 25

60 1794 142 1859 nion
163 1794 327 1859 vinculum
350 1794 506 1878 epistolae
528 1796 673 1878 solvens,
697 1795 851 1878 quidnam
873 1817 930 1860 rex
954 1800 1074 1880 ageret,

60 1883 258 1966 requirebat.
300 1882 360 1946 Ille
390 1904 429 1946 ex
455 1883 535 1965 ipsis
563 1883 682 1947 litteris
706 1884 911 1967 cogniturum
935 1905 1075 1948 essere

61 1970 202 2055 spondit.
247 1969 372 2047 Quibus
393 1970 590 2035 Parmenion
612 1971 719 2054 lectis,
743 1970 845 2055 ‘Rex',
867 1971 989 2055 inquit,
1011 1971 1074 2036 ‘ero
1094 1986 1128 2035 26

60 2058 261 2144 peditionem
283 2062 379 2142 parat
401 2058 436 2123 in
458 2059 665 2124 Arachosios.
711 2057 884 2124 Strenuum
909 2059 1075 2125 hominem

63 2151 97 2212 et
115 2168 291 2230 numquam
310 2147 503 2212 cessantem!
540 2144 604 2211 sed
621 2149 750 2229 tempus
770 2147 869 2212 saluti
888 2169 964 2212 suae
983 2152 1076 2212 tanta

61 2237 130 2299 iam
151 2239 247 2318 parta
268 2235 375 2319 gloria
401 2255 542 2318 parcere.
590 2235 739 2299 Alteram
767 2236 879 2300 deinde
903 2236 1075 2319 epistolam
1094 2251 1128 2300 2⁷

61 2322 213 2388 Philotae
230 2324 362 2388 nomine
380 2323 534 2406 scriptam
552 2323 668 2406 laetus,
690 2323 775 2406 quod
798 2345 837 2388 ex
856 2325 949 2389 vultu
967 2325 1074 2389 notari

61 2414 209 2496 poterat,
229 2410 369 2495 legebat
414 2411 496 2475 'lum
516 2411 583 2475 eius
602 2412 688 2475 latus
707 2411 816 2496 gladio
835 2411 945 2476 haurit
962 2411 1075 2476 Clean·

63 2500 135 2583 der,
168 2499 282 2564 deinde
314 2498 461 2584 iugulum
488 2498 577 2563 ferit:
610 2500 708 2564 ceteri
739 2501 922 2564 exanimum
949 2522 1076 2584 quoque

31 2587 263 2671 peonfodiunt.
307 2587 353 2651 At
376 2587 543 2671 armigeri,
569 2589 625 2671 qui
648 2588 689 2652 ad
712 2588 835 2652 aditum
858 2589 1000 2652 nemoris
1023 2589 1076 2653 ad·
1095 2603 1129 2652 28

64 2677 230 2759 stiterant,
257 2675 389 2760 cognita
416 2676 527 2758 caede,
553 2676 643 2739 cuius
667 2697 764 2740 causa
793 2676 1016 2759 ignorabatur,
1043 2677 1077 2740 in

63 2768 174 2830 castra
195 2764 388 2847 perveniunt
411 2766 445 2827 et
466 2763 668 2828 tumultuoso
690 2763 806 2828 nuntio
829 2764 950 2828 milites
974 2765 1077 2828 eonci-

62 2857 146 2917 tant.
185 2851 239 2916 Illi
261 2852 378 2916 armati
401 2851 441 2916 ad
463 2873 587 2934 nemus,
609 2853 643 2916 in
667 2873 731 2936 quo
752 2855 940 2936 perpetrata
963 2853 1075 2917 caedes
1095 2868 1129 2917 29

64 2944 146 3019 erat,
169 2944 285 3005 coeunt
302 2944 344 3023 et,
365 2939 400 3004 ni
417 2938 611 3023 Polydamas
630 2941 791 3024 ceterique
811 2941 955 3005 eiusdem
972 2961 1076 3005 noxae

64 3029 242 3114 participes
262 3028 429 3112 dedantur,
447 3049 575 3093 mamm
598 3028 831 3093 circumdatum
848 3029 973 3094 nemori
992 3050 1078 3094 ever-

64 3140 160 3183 suros
188 3117 379 3182 denuntiant
406 3117 612 3200 omniumque
640 3118 794 3201 sanguine
826 3117 900 3182 duci
928 3121 1077 3200 parenta-

64 3211 168 3272 turos
205 3203 363 3271 Cleander
380 3205 538 3290 primores
558 3226 668 3270 eorum
686 3206 864 3271 intromitti
882 3207 974 3270 iubet
991 3206 1077 3270 litte·
1096 3222 1130 3271 30

66 3315 186 3378 resque
204 3294 291 3378 regis
310 3294 447 3378 scriptas
467 3294 508 3358 ad
527 3294 648 3358 milites
663 3295 789 3378 recitat,
806 3294 921 3377 quibus
940 3294 1077 3358 insidiae

63 3383 291 3449 Parmenionis
310 3382 344 3447 in
361 3403 472 3467 regem
490 3403 673 3466 precesque,
691 3385 728 3447 ut
745 3383 853 3466 ipsum
867 3382 1078 3466 vindicarent,

64 3471 323 3538 continebantur.
376 3469 483 3556 Igitur
520 3472 651 3555 cognita
687 3472 775 3554 regis
811 3472 977 3536 voluntate
1012 3491 1078 3533 non
1096 3486 1131 3534 ar

64 3559 195 3644 quidem
221 3558 420 3647 indignatio,
453 3558 510 3626 sed
536 3563 653 3626 tamen
678 3559 802 3626 seditio
831 3574 1019 3636 conquassat
1040 3555 1111 3608 aare.
