2356 3846
130 143 193 206 156
505 141 537 207 Q.
557 141 667 196 cuam
685 140 772 196 RUFI
848 146 850 155 ’

128 287 271 370 Dilapsis
297 286 445 369 pluribus
472 285 568 368 pauci
594 289 830 368 remanserunt,
859 285 928 369 qui,
956 286 1076 351 saltem
1103 290 1142 352 ut

76 389 108 436 31
129 399 243 460 corpus
262 375 392 457 ipsi[u]s
411 373 548 456 sepelire
565 375 796 458 permitterent,
813 373 1039 456 precabantur.
1054 415 1056 418 <
1073 373 1140 441 Diu

127 465 161 529 id
188 468 343 546 negatum
370 467 420 526 331
443 461 593 527 Cleandri
621 466 723 546 metu,
750 483 791 526 ne
819 461 997 527 offenderet
1019 456 1140 547 regem.

128 551 328 616 Pertinacius
349 551 462 615 deinde
482 551 690 633 precantibus
711 549 879 615 materiem
902 552 1139 617 consternatio-

127 642 179 704 nis
203 639 454 703 subtrahendam
474 642 565 702 ratus
584 639 691 722 capite
709 639 816 703 deciso
834 643 984 703 truncum
1003 639 1139 706 humare

76 742 108 790 33
128 729 289 811 permisit:
313 727 354 791 ad
375 747 486 810 regem
509 729 607 810 eaput
628 727 763 791 missum
787 730 845 792 est.

216 816 279 880 Hic
298 816 402 879 exitus
415 815 638 880 Parmenionis
653 815 725 897 fuit,
743 814 877 879 militiae
892 815 1044 899 domique
1059 817 1140 882 clari

127 906 197 970 viri.
246 904 353 968 Multa
380 905 448 968 sine
475 923 551 988 rege
580 924 747 987 prospere,
779 925 835 968 rex
868 903 937 968 sine
968 904 1028 968 illo
1055 905 1139 970 nihil

129 1014 266 1077 magnae
293 993 341 1056 rei
368 995 523 1076 gesserat.
571 990 773 1057 Felicissimo
800 991 871 1076 regi
898 994 932 1056 et
958 993 1072 1058 omnia
1099 993 1139 1058 ad

127 1083 277 1146 fortunae
305 1102 381 1144 suae
409 1080 553 1164 exigenti
581 1080 711 1144 modum
734 1080 900 1145 satisfecit.
944 1097 1019 1145 Lxx
1041 1085 1139 1147 natus

129 1192 231 1235 annos
254 1174 290 1233 31
310 1169 434 1232 iuvenis
457 1169 547 1232 ducis
567 1171 599 1232 et
618 1190 712 1251 333113
736 1169 835 1233 etiam
858 1170 1001 1253 gregarii
1021 1169 1138 1236 militis

128 1259 239 1322 munia
267 1257 418 1338 explevit:
451 1277 525 1320 acer
552 1256 702 1337 consilio,
730 1278 827 1321 manu
850 1260 1015 1340 strenuus,
1045 1278 1138 1323 331113

75 1358 109 1430 ³4
127 1345 338 1497 lllltlt’
359 1343 1139 1499 1103131111113111111

130 1522 253 1607 ambigi
272 1453 389 1604 11311111,
412 1455 489 1604 111113
507 1520 654 1586 Philotas
672 1521 796 1585 ultimis
820 1455 1015 1586 ordeiatibus
1034 1524 1137 1588 victus

127 1632 244 1674 verane
272 1610 401 1691 dixerit,
428 1631 508 1692 quae
535 1610 624 1674 facta
650 1609 783 1692 probari
809 1631 875 1673 non
901 1613 1070 1695 poterant,
1096 1633 1138 1676 an

127 1699 220 1762 falsis
242 1701 478 1762 tormentorum
505 1698 636 1780 petierit
663 1698 773 1780 finem,
799 1720 835 1762 re
858 1718 985 1782 quoque
1007 1700 1138 1784 recenti,

131 1808 203 1852 cum
222 1787 326 1870 magis
345 1789 456 1869 posset
478 1786 614 1869 liquere,
637 1785 821 1850 dubitatum
844 1789 902 1850 est.

75 1888 108 1937 35
216 1874 408 1956 Alexander,
431 1895 512 1956 quos
534 1874 635 1938 libere
658 1879 795 1938 mortem
816 1873 1041 1940 Parmenionis
1064 1879 1176 1943 con-ll

128 1967 259 2047 questos
283 1984 353 2025 esse
376 1966 577 2044 conpererat,
603 1962 799 2044 separandos
822 1985 841 2026 a
864 1967 970 2028 cetero
995 1965 1138 2031 exercitu

129 2056 219 2115 ratus
242 2051 276 2113 in
298 2071 395 2113 unam
418 2050 585 2114 cohortem
606 2049 743 2114 secrevit
760 2050 935 2134 ducemque
954 2051 1006 2115 hie
1024 2051 1140 2119 Leoni·

128 2139 202 2202 dam
226 2137 327 2220 dedit,
356 2141 389 2202 et
411 2138 517 2220 ipsum
538 2136 745 2203 Parmenioni
767 2138 930 2222 quondam
952 2139 1071 2207 intima
1093 2142 1139 2206 fa·

75 2239 109 2288 33
129 2225 319 2290 miliaritate
342 2225 555 2290 coniunctum.
600 2225 680 2290 Fere
703 2225 801 2290 iidem
825 2231 930 2309 erant,
953 2248 1036 2311 quos
1061 2230 1139 2295 alio·

129 2315 206 2397 quin
229 2334 285 2377 rex
312 2313 471 2378 habuerat
497 2314 629 2379 invisos.
673 2312 760 2378 Nam
783 2335 855 2378 cum
878 2316 1019 2399 experiri
1042 2319 1140 2382 vellet

128 2403 268 2467 militum
287 2402 420 2484 animos,
443 2403 619 2480 admonuit,
642 2403 697 2485 qui
715 2402 844 2466 litteras
861 2404 896 2466 in
914 2402 1140 2471 Macedoniam

127 2492 168 2556 ad
191 2512 267 2555 suos
290 2490 482 2574 scripsisset,
504 2490 555 2569 iis,
579 2511 658 2573 quos
682 2491 752 2574 ipse
775 2490 940 2575 mittebat,
962 2493 1138 2576 perlaturis

128 2601 200 2645 cum
213 2579 275 2643 fide
293 2579 443 2644 traderet.
475 2576 673 2663 Simpliciter
686 2578 727 2643 ad
744 2581 943 2644 necessarios
958 2603 1035 2646 suos
1053 2585 1139 2667 quis·

128 2690 190 2752 que
209 2668 392 2751 scripserat,
411 2689 491 2751 quae
510 2668 683 2732 sentiebat:
707 2668 781 2732 aliis
800 2668 907 2751 gravis
927 2672 1007 2753 erat,
1024 2672 1138 2753 pleris-

75 2768 107 2817 31
129 2777 190 2839 que
212 2778 279 2821 non
301 2757 431 2839 ingrata
453 2756 581 2819 militia.
626 2755 677 2820 113
703 2760 735 2820 31
757 2756 920 2840 agentium
944 2759 1068 2841 gratias
1093 2761 1139 2842 [et

129 2846 344 2927 querentium]
364 2843 493 2907 litterae
512 2846 662 2926 exceptae
681 2847 757 2908 suut
775 2848 808 2909 et
826 2845 881 2928 qui
895 2845 980 2909 forte
993 2847 1138 2912 taedium

128 2932 250 2996 laboris
264 2954 322 3016 per
335 2932 461 2996 litteras
476 2935 570 2995 erant
583 2931 698 3015 questi.
720 2930 813 2996 Hanc
828 2954 955 2997 seorsus
970 2934 1139 3001 cohortem

129 3041 149 3083 a
171 3021 286 3084 ceteris
313 3020 444 3084 tendere
472 3019 670 3102 ignominiae
693 3040 791 3084 causa
813 3021 917 3104 iubet,
945 3021 1139 3090 fortitudine

128 3129 243 3171 usurus
262 3107 297 3171 in
314 3108 409 3191 bello,
431 3107 618 3173 libertatem
641 3107 769 3193 linguae
788 3109 828 3173 ab
848 3109 979 3175 auribus
998 3112 1138 3178 credulis

128 3198 320 3260 remoturus.
342 3194 388 3259 Et
402 3196 582 3279 consilium,
594 3196 801 3261 temerarium
815 3195 954 3263 forsitan
965 3201 1138 3284 —quippe

129 3283 299 3350 fortissimi
313 3283 445 3349 iuvenes
465 3284 660 3349 contumelia
676 3284 804 3350 inritati
818 3290 912 3350 erant
922 3321 963 3333 -
973 3287 1058 3352 sicut
1072 3310 1138 3355 om·

130 3374 184 3437 nia
202 3373 269 3437 alia
281 3372 420 3437 felicitas
435 3374 524 3456 regis
539 3373 677 3456 excepit:
696 3372 780 3437 nihil
794 3372 862 3437 illis
877 3374 917 3438 ad
932 3374 1018 3439 bella
1031 3398 1139 3460 prom·

63 3462 215 3542 38111113
226 3461 299 3527 11111.
340 3459 507 3526 Incitabat
524 3461 677 3526 virtutem
698 3465 730 3526 et
747 3461 944 3543 ignominiae
962 3463 1139 3530 demendae

105 3550 230 3633 33111113
246 3555 283 3618 31
296 3553 376 3639 quia
389 3551 495 3621 fortia
508 3549 601 3620 facta
612 3551 649 3618 in
662 3550 777 3637 paucis
784 3549 893 3614 latere
901 3570 973 3612 non
980 3556 1143 3632 poterant.
