2356 3846
124 165 164 228 12
492 161 524 228 Q.
543 161 652 217 CURTI
670 159 756 214 RUFI

28 384 30 388 Α
119 310 235 374 666616
263 329 340 394 ergo
362 329 414 372 me
436 307 574 391 opprimi
596 305 722 389 patiar?
756 302 804 380 ,At
826 302 927 368 satius
950 303 1000 364 est
1021 299 1129 364 alieno

87 417 171 464 rme
193 398 276 462 mori
303 397 434 478 scelere,
466 417 562 478 quam
589 397 677 458 metu
698 390 831 457 nostro?
876 388 942 454 Diu
964 389 1072 454 animo
1095 390 1131 454 in

121 487 245 550 diversa
276 488 403 550 versato
435 485 529 565 nulli,
561 482 637 567 quid
669 483 821 564 scriptum
852 483 950 561 esset,
981 478 1132 542 enuntiat

121 575 352 658 epistolamque
375 573 481 657 sigillo
504 571 591 635 anuli
615 571 664 634 sui
686 571 831 654 inpresso
849 569 989 655 pulvino,
1012 567 1064 630 cui
1080 566 1130 630 in·

85 663 272 746 66616161,
304 662 447 726 66116611
499 659 588 723 16166
618 658 677 722 has
709 658 921 742 cogitationes
947 656 1046 720 biduo
1074 655 1158 726 rab-1

121 753 249 834 sumpto
275 750 381 814 illuxit
408 771 427 813 6
453 748 576 812 medico
604 747 781 811 destinatus
804 746 885 828 dies,
916 749 948 808 et
973 745 1029 808 illc
1056 765 1130 807 cum

85 840 248 922 apoculo,
271 839 306 901 in
328 859 391 922 quo
414 836 682 901 medicamentum
705 836 853 916 diluerat,
875 834 1017 898 intravit.
1058 831 1130 907 Quo

119 927 188 991 viso
210 927 392 990 Alexander
417 927 524 988 levato
552 945 685 1008 corpore
716 925 751 987 16
782 922 879 987 661111
911 922 1083 1005 epistolam
1111 941 1131 984 6

119 1013 331 1079 Parmenione
359 1014 493 1078 missam
521 1013 653 1077 sinistra
675 1015 910 1075 manutenens
934 1010 1051 1092 accipit
1073 1031 1131 1092 po·

120 1104 226 1166 culum
249 1106 282 1166 61
302 1102 412 1166 haurit
433 1091 614 1165 interritus:
637 1104 706 1163 tum
733 1101 902 1184 epistolam
924 1099 1031 1182 legere
1054 1097 1131 1161 Phi-

118 1191 243 1275 lippum
265 1191 355 1255 iubet
375 1211 435 1253 nec
458 1190 590 1252 666116
612 1189 749 1272 legentis
772 1188 875 1252 movit
897 1187 1015 1268 oculos,
1040 1188 1131 1250 ratus

120 1279 243 1363 aliquas
266 1278 480 1343 conscientiae
502 1280 598 1341 notas
620 1277 656 1340 in
678 1277 749 1360 ipso
770 1298 825 1341 ore
842 1296 937 1360 posse
955 1274 1131 1359 deprehen·

68 1391 101 1439 10
120 1367 203 1431 dere.
247 1365 306 1430 1116
337 1367 475 1449 epistola
506 1365 646 1449 perlecta
673 1365 747 1448 plus
773 1363 1005 1449 indignationis
1033 1384 1130 1448 quam

119 1455 248 1537 pavoris
279 1454 419 1518 ostendit
445 1453 658 1538 proiectisque
685 1453 824 1517 amiculo
852 1456 885 1518 et
909 1452 1025 1516 litteris
1054 1455 1130 1516 ante

118 1544 251 1607 lectum:
285 1541 386 1624 ‘Rex',
412 1542 529 1625 inquit,
561 1539 698 1626 ‘semper
725 1541 852 1624 quidem
879 1542 1011 1625 spiritus
1038 1561 1129 1604 meus

120 1634 214 1695 exte
236 1630 401 1714 pependit,
430 1629 485 1693 sed
507 1650 593 1693 nunc
615 1651 702 1712 6666,
729 1630 881 1712 arbitror,
909 1651 999 1694 sacro
1023 1632 1130 1693 6166-

68 1719 255 1790 1166661111
278 1740 332 1782 ore
356 1723 407 1783 tuo
429 1717 577 1781 trahitur.
610 1715 738 1781 Orimen
755 1718 926 1801 parricidii,
950 1718 1035 1801 quod
1049 1717 1130 1781 mihi

121 1807 281 1871 obiectum
310 1809 372 1890 661,
402 1809 460 1869 166
486 1806 573 1869 66166
601 1805 712 1869 diluet:
745 1810 890 1870 servatus
913 1827 932 1868 a
954 1827 1006 1869 me
1029 1806 1130 1871 vitam

119 1895 199 1958 mihi
222 1894 355 1958 dederis.
391 1893 456 1957 Oro
479 1914 670 1976 quaesoque,
693 1894 812 1958 omisso
832 1897 921 1958 metu
938 1897 1048 1977 patere
1066 1916 1130 1958 me·

119 1983 336 2046 dicamentum
368 1981 494 2064 concipi
525 1982 630 2045 venis:
676 1982 749 2045 laxa
780 1983 942 2064 paulisper
978 1983 1130 2065 animum,

120 2092 215 2155 quem
237 2069 465 2152 intempestiva
487 2069 702 2133 sollicitudine
726 2071 821 2134 amici
840 2092 918 2134 sane
933 2070 1053 2154 fideles,
1076 2070 1131 2135 sed

120 2159 255 2222 moleste
278 2157 380 2221 seduli
401 2156 554 2222 turbant?
590 2155 665 2222 Non
687 2178 832 2222 securum
850 2159 945 2223 modo
968 2158 1048 2224 haec
1060 2181 1132 2242 uox,

122 2247 180 2311 sed
206 2246 304 2309 etiam
331 2246 451 2309 laetum
477 2265 587 2330 regem
615 2267 652 2310 ac
674 2247 804 2329 plenum
827 2248 932 2311 bonae
955 2247 1023 2331 spei
1046 2247 1132 2312 fecit

69 2357 101 2406 12
120 2333 246 2426 Itaque:
284 2331 329 2397 ‘si
361 2332 415 2415 di',
450 2335 568 2417 inquit,
601 2331 777 2418 ‘Philippa
808 2336 868 2399 tibi
899 2336 1132 2421 permisissent,

121 2444 184 2507 quo
208 2423 347 2486 maxime
369 2422 464 2486 modo
487 2422 594 2504 velles,
617 2423 760 2486 animum
777 2424 914 2507 experiri
927 2445 1044 2507 meum,
1066 2425 1131 2488 alio

120 2511 265 2594 profecto
288 2510 452 2594 voluisses,
475 2511 531 2574 sed
553 2511 701 2593 certiore,
726 2532 823 2595 quam
847 2515 996 2594 expertus
1019 2533 1069 2597 es,
1091 2533 1132 2576 ne

122 2603 267 2751 utu
296 2598 1134 2772 11111111111111111611

121 2775 183 2839 fide
207 2797 304 2859 quam
326 2797 385 2857 pro
408 2796 480 2839 mea
503 2776 606 2839 salute
629 2797 699 2840 esse
721 2775 914 2840 sollicitum?
956 2777 1047 2842 Haec
1070 2779 1133 2842 elo·

70 2886 102 2933 13
122 2867 214 2928 cutus
238 2863 381 2926 dextram
404 2861 553 2947 Philippo
577 2863 677 2926 offert.
710 2862 859 2928 Ceterum
881 2868 974 2929 tanta
997 2865 1046 2930 616
1068 2874 1159 2937 mel

122 2951 293 3016 dicamenti
320 2950 396 3033 fuit,
428 2954 477 3034 ut,
509 2973 590 3035 quae
621 2955 730 3016 secuta
757 2956 845 3036 sunt,
877 2954 1134 3020 criminationem

122 3038 345 3103 Parmenionis
369 3039 555 3102 adiuverint.
590 3039 786 3104 Interclusus
810 3042 940 3123 spiritus
963 3045 1031 3105 arte
1049 3064 1133 3108 mea·

71 3151 104 3198 14
122 3130 189 3192 bat.
228 3126 296 3191 Nec
319 3126 485 3210 Philippus
510 3127 681 3212 quicquam
703 3128 904 3212 inexpertum
928 3130 1051 3195 omisit:
1080 3131 1134 3196 illc

122 3217 266 3280 fomenta
298 3216 425 3297 corpori
456 3215 613 3299 admovit,
646 3216 700 3280 ille
732 3219 913 3301 torpentem
943 3239 1030 3282 nunc
1062 3219 1135 3303 cibi,

71 3326 104 3375 15
122 3325 208 3368 nunc
240 3303 307 3367 vini
334 3302 431 3367 odore
460 3304 619 3369 excitavit
663 3303 771 3390 Atque
797 3309 834 3370 ut
856 3307 995 3390 primum
1018 3308 1133 3372 mentis

123 3395 304 3476 compotem
328 3411 397 3455 esse
420 3392 531 3475 sensit,
554 3393 649 3457 modo
668 3394 781 3458 matris
799 3414 1015 3478 sororumque,
1038 3394 1134 3461 modo

107 3481 227 3537 tantae
252 3480 408 3544 victoriae
430 3480 719 3568 adpropinquantis
735 3482 904 3546 admonere
919 3504 986 3547 non
1001 3482 1134 3549 destitit

23 3567 68 3612 rc
88 3552 140 3613 [st
163 3579 242 3622 vero
263 3566 555 3638 medicamentum
580 3595 614 3638 se
640 3571 770 3638 diffudit
791 3571 830 3636 in
847 3591 949 3636 66666
970 3570 1140 3636 etsensim
