2356 3846
219 143 472 199 HISTORIARUM
491 143 706 199 ALEXANDRI
724 145 776 214 IV,
796 151 838 199 12.
859 153 898 199 13.
1019 145 1063 209 65

54 312 152 375 quam
175 291 260 355 eirca
281 288 404 352 humidi
424 287 602 352 effuderant
618 291 754 369 montes,
776 289 958 352 universam
976 288 1063 371 equi·

54 379 126 443 dem
156 379 204 443 rei
230 377 345 442 faeiem
371 398 439 440 non
465 376 614 456 abstulit,
645 379 785 440 ceterum
812 376 976 460 agminum
1000 376 1062 439 dis·

54 467 189 532 erimina
215 469 311 549 atque
339 463 484 528 ordinem
510 462 675 545 prohibuit
699 464 845 546 perspici.
889 463 1062 527 Multitudo

53 554 267 618 inundaverat
306 573 436 635 campos
476 550 685 634 fremitusque
720 554 771 615 tot
805 551 928 614 milium
964 552 1062 615 etiam

53 642 165 725 procul
201 640 356 705 stantium
392 659 484 703 aures
519 639 706 722 inpleverat.
760 637 924 703 Fluctuari
954 641 1061 705 animo
1081 663 1114 710 21

53 750 108 794 rex
131 733 165 793 et
187 728 283 794 modo
306 748 412 810 suurn,
434 726 530 791 modo
553 725 775 791 Parmenionis
799 727 969 790 eonsilium
991 749 1063 790 sera

54 817 277 881 aestimatione
299 815 510 898 perpendere:
533 815 651 898 quippe
674 835 711 877 eo
730 817 861 877 ventum
878 817 956 897 erat,
977 815 1062 879 unde

53 905 153 988 recipi
184 903 354 984 exereitus,
388 903 452 966 nisi
484 902 599 984 victor,
630 902 698 966 sine
730 900 818 965 clade
849 922 917 965 non
945 905 1062 984 posset.

53 991 168 1077 Itaque
199 990 399 1055 dissimulato
430 1011 549 1072 pavore
578 990 830 1053 mercennarium
857 989 997 1073 equitem
1024 1010 1063 1054 ex
1081 1015 1115 1063 22

53 1077 196 1144 Paeonia
212 1078 400 1162 praecedere
418 1078 516 1141 iubet.
551 1077 625 1160 Ipse
643 1077 846 1161 phalangem,
866 1078 950 1141 sieut
968 1081 1063 1141 antea
1081 1104 1115 1152 23

54 1167 174 1231 dictum
198 1170 255 1250 est,
277 1167 312 1229 in
334 1166 397 1231 duo
416 1186 536 1230 cornua
554 1164 752 1229 extenderat:
776 1168 945 1248 utrumque
963 1185 1063 1229 cornu

56 1255 179 1338 equites
205 1254 368 1338 tegebant.
417 1252 547 1336 Iamque
576 1253 708 1316 nitidior
736 1252 791 1315 lux
820 1252 963 1316 discussa
990 1253 1065 1316 cali·

56 1343 129 1426 gine
166 1342 267 1406 aciem
298 1340 441 1406 hostium
475 1341 671 1422 ostenderat,
708 1343 740 1403 et
771 1340 961 1404 Macedones
997 1342 1063 1404 sive

60 1429 224 1495 alacritate
253 1429 319 1494 sive
346 1429 452 1493 taedio
477 1428 707 1511 expectationis
729 1428 894 1511 ingentem
916 1448 1063 1511 pugnan-

54 1518 136 1581 tium
166 1538 255 1581 more
288 1516 414 1581 edidere
445 1516 625 1580 clamorem.
669 1514 824 1579 Redditus
852 1519 884 1578 et
911 1538 930 1578 a
956 1515 1063 1580 Persis

54 1626 187 1669 nemora
204 1605 365 1687 vallesque
384 1603 603 1669 circumiectas
621 1602 757 1666 terribili
776 1624 855 1667 sono
873 1603 1062 1687 inpleverat:

53 1713 112 1757 nec
147 1692 214 1757 iam
250 1692 408 1757 contineri
438 1690 629 1756 Macedones
660 1693 822 1773 poterant,
859 1691 937 1774 quin
969 1713 1064 1755 cursu
1083 1715 1117 1764 24

55 1801 181 1864 quoque
210 1779 250 1844 ad
276 1780 402 1844 hostem
430 1778 666 1843 contenderent
710 1775 825 1841 Melius
848 1778 952 1842 adhuc
974 1783 1064 1843 ratus

54 1868 90 1933 in
111 1867 224 1932 eodem
247 1867 371 1932 tumulo
390 1869 496 1931 castra
512 1866 647 1950 munire,
668 1885 722 1929 rea
740 1866 860 1929 rehum
878 1865 940 1930 iaci
958 1867 1063 1930 iussit:

54 1960 246 2039 strenueque
278 1975 372 2038 opere
403 1954 543 2037 perfecto
574 1954 610 2018 in
639 1953 895 2037 tabernaculum,
929 1974 968 2017 ex
1000 1976 1063 2038 quo

53 2047 124 2111 tota
147 2043 231 2109 aeies
253 2042 397 2108 hostium
421 2042 689 2125 conspiciebatur,
712 2042 851 2105 secessit.

462 2196 540 2265 022.
562 2196 650 2262 XIII.

10 2306 45 2372 47
93 2331 96 2335 ’
143 2305 228 2369 Tum
258 2325 334 2371 vero
365 2304 516 2369 universa
545 2303 646 2367 futuri
677 2303 869 2367 discriminis
900 2302 998 2367 facies
1029 2305 1099 2374 in1

55 2395 157 2460 oculis
180 2395 261 2457 erat:
284 2392 381 2456 armis
403 2391 584 2476 insignibus
608 2392 682 2474 eqni
701 2391 824 2473 virique
844 2392 1066 2475 splendebant,

55 2486 87 2547 et
110 2481 220 2547 omnia
241 2479 413 2555 intentiore
439 2500 515 2544 cura
539 2479 724 2562 praeparari
746 2478 831 2561 apud
852 2478 980 2543 hostem
1003 2481 1065 2542 sol·

54 2568 186 2635 licitudo
209 2571 394 2652 praetorum
417 2567 547 2667 agmina
567 2588 625 2630 sua
642 2565 940 2649 interequitantium
960 2570 1064 2630 osten·

55 2658 166 2739 debat,
198 2677 235 2721 ac
265 2656 457 2738 pleraque
448 2655 569 2735 mania,
601 2654 684 2718 sicut
711 2652 859 2717 fremitus
888 2653 1099 2736 hominum,2

55 2765 212 2830 equorum
251 2743 411 2824 hinnitus,
456 2763 617 2807 armorum
658 2741 914 2805 internitentium
949 2740 1067 2825 fulgor,

55 2833 228 2898 sollicitam
264 2831 482 2930 expectatione
519 2832 659 2893 mentem
691 2828 907 2893 turbaverant.
960 2828 1026 2912 Igit
1027 2851 1100 2899 ura

55 2922 122 2985 sive
146 2919 262 2983 dubius
285 2918 400 2999 animi,
424 2917 490 2982 sive
513 2920 550 2980 ut
572 2938 647 2981 suos
671 2917 874 3000 experiretur,
896 2917 1066 2981 consilium

55 3008 199 3089 adhibet,
231 3006 308 3089 quid
337 2967 495 3089 optimum
524 3005 612 3071 factu
641 3009 737 3087 esset,
767 3005 945 3089 exquirens
989 3004 1065 3069 Par·
1084 3026 1102 3074 4

54 3097 177 3178 menio,
211 3094 425 3178 peritissimus
455 3093 540 3156 inter
572 3093 666 3158 duces
698 3054 816 3156 aitium
848 3093 936 3175 belli,
969 3091 1066 3176 furt0,

54 3205 122 3248 non
144 3182 266 3267 proelio
290 3203 369 3264 opus
393 3202 462 3246 esse
485 3181 649 3245 censebat:
673 3179 877 3263 ‘intempesta
897 3184 991 3245 nocte
1009 3203 1064 3264 op·

54 3271 153 3355 primi
174 3290 269 3353 posse
290 3269 413 3334 hostes:
439 3268 593 3334 discordis
616 3269 767 3346 moribus,
789 3268 918 3352 linguis,
941 3269 981 3332 ad
1003 3268 1066 3334 hoc

55 3380 170 3424 somno
197 3360 231 3422 et
256 3358 419 3440 inproviso
446 3357 587 3440 periculo
615 3357 759 3439 territos,
792 3357 920 3439 quando
947 3356 982 3420 in
1008 3377 1064 3419 no-

55 3449 172 3512 cturna
193 3445 405 3529 trepidatione
428 3445 589 3509 coituros?
616 3445 663 3509 At
683 3445 823 3509 interdiu
845 3444 984 3526 primum
1001 3447 1063 3508 ter·
1084 3465 1100 3513 2

54 3535 165 3600 rihiles
197 3554 381 3599 occursuras
411 3533 510 3601 facies
537 3530 740 3621 Scytharum
760 3531 1087 3603 nactaxxmsxs

99 3637 192 3677 0221122
202 3638 285 3678 aunis.
924 3634 947 3678 l*
