2356 3846
117 136 182 200 152
492 135 524 202 Q.
543 136 757 192 cuprinum

116 304 135 345 e
166 281 283 364 quibus
310 278 515 363 Antiphanes
547 285 619 346 octo
652 282 718 346 iam
750 280 959 346 distribuerat
989 281 1045 365 iis,
1073 282 1130 366 qui

116 369 293 434 amiserant
312 390 398 451 suos,
421 370 551 433 omnino
571 370 650 434 duos
668 370 739 453 ipse
756 369 931 435 habebam:
955 391 1037 453 quos
1056 391 1129 436 cunr

116 458 215 522 vellet
233 457 389 521 abducere
407 457 504 522 homo
522 458 778 542 superbissimus,
796 463 881 523 certe
895 459 1129 543 iniquissimus,

64 570 98 619 35
116 547 179 610 nisi
201 546 299 628 pedes
323 545 464 610 militare
488 547 615 630 vellem,
637 547 775 611 retinere
798 547 946 631 cogebar.
987 546 1059 612 Nec
1081 547 1126 610 in-

116 635 203 698 fitias
226 655 278 716 eo,
308 633 401 698 liberi
424 633 565 699 hominis
589 635 698 699 animo
721 636 863 699 locutum
887 656 958 700 esse
980 656 1033 699 me
1055 655 1128 699 cum

115 722 328 807 ignavissimo
356 725 389 786 et
416 722 478 787 hoc
504 744 604 786 unum
631 723 769 788 militiae
796 724 848 788 ius
873 727 1067 807 usurpante,
1092 726 1129 787 ut

120 811 242 875 alienos
264 831 364 894 equos
386 811 580 894 pugnaturis
603 810 784 876 distribuat.
819 810 897 877 *Huc
920 813 1005 876 enim
1029 812 1129 879 malo

115 921 188 964 rum
216 903 348 963 ventum
380 903 444 982 est,
475 903 512 963 ut
542 899 642 964 rerba
673 921 746 965 mea
777 899 889 965 eodem
919 903 1068 983 tempore
1095 902 1129 963 et

63 1014 97 1063 35
116 988 300 1052 Alexandro
323 1008 472 1051 excusem
494 990 528 1051 et
549 986 740 1070 Antiphani.
785 988 839 1072 At,
860 988 1002 1072 hercule,
1024 992 1129 1053 mater

116 1077 155 1141 de
173 1075 268 1140 nobis
286 1075 425 1139 inimicis
444 1075 509 1140 tuis
524 1076 660 1159 scripsit.
687 1075 823 1141 Utinam
837 1076 1028 1160 prudentius
1042 1079 1132 1141 esset·

116 1165 256 1229 sollicita
278 1185 337 1246 pro
360 1163 429 1227 filio
453 1168 487 1227 et
508 1184 574 1228 non
596 1165 709 1229 inanes
733 1186 859 1248 quoque
883 1165 1007 1248 species
1030 1163 1127 1228 anxio

115 1253 222 1318 animo
244 1251 424 1334 figurarett.
454 1251 559 1327 Quare
582 1251 668 1317 enim
691 1273 757 1317 non
779 1252 936 1318 adscribit
953 1256 1060 1317 metus
1079 1253 1129 1317 sui

115 1362 262 1422 oausam,
294 1339 429 1422 denique
455 1361 523 1404 non
545 1341 689 1405 ostendit
712 1342 896 1406 auctorem?
938 1341 1009 1416 Quo
1038 1341 1128 1406 facto

116 1429 242 1493 dictove
260 1431 371 1492 nostro
391 1431 566 1492 metatam
584 1429 728 1512 trepidas
746 1429 808 1493 tibi
826 1430 953 1494 litteras
973 1429 1127 1513 scripsit?

63 1535 95 1584 37
117 1514 144 1581 0
164 1517 315 1581 miseram
334 1516 555 1581 condicionem
574 1538 690 1600 meam,
708 1518 786 1600 quia
802 1517 942 1582 forsitan
960 1539 1027 1582 non
1045 1519 1127 1601 peri·

116 1605 256 1670 eulosius
285 1607 335 1668 est
362 1607 468 1669 tacere
493 1625 589 1688 quam
613 1604 730 1669 dicere!
778 1603 840 1670 Sed
862 1609 1037 1689 utcumque
1061 1626 1127 1670 ces-

116 1715 192 1757 sura
213 1713 265 1756 res
289 1697 353 1775 est,
381 1692 468 1757 malo
496 1692 558 1756 tibi
581 1692 799 1757 defensionem
826 1714 932 1758 meam
955 1693 1127 1776 displicere

116 1803 213 1865 quam
236 1802 375 1845 eausam.
416 1780 605 1865 Adgnosces
628 1785 746 1865 autem,
769 1802 850 1865 quae
873 1782 1018 1846 dicturus
1041 1804 1127 1846 sum:

116 1870 234 1953 quippe
257 1868 450 1950 meministi,
477 1888 550 1932 cum
578 1890 629 1932 me
653 1869 693 1933 ad
714 1869 934 1952 perducendos
958 1859 1004 1934 ex’
1021 1868 1127 1935 Mace·

115 1957 212 2022 donia
243 1957 366 2021 milites
402 1956 561 2038 mitteres,
598 1957 717 2021 dixisse
749 1960 795 2040 te,
826 1958 947 2022 multos
978 1959 1127 2043 integros

62 2072 96 2122 38
114 2047 245 2110 iuvenes
276 2045 310 2107 in
338 2044 434 2109 domo
463 2048 539 2109 tuae
569 2045 683 2109 matris
716 2046 879 2110 abscondi.
927 2045 1129 2131 Praecepisti

114 2133 216 2218 igitur
234 2132 324 2213 mihi,
341 2153 382 2196 ne
401 2152 496 2215 quem
513 2136 642 2214 praeter
656 2136 689 2197 te
702 2134 854 2217 intuerer,
873 2134 929 2198 sed
944 2133 1126 2200 detrectan-

115 2227 165 2287 tes
184 2220 337 2285 militiam
355 2219 561 2304 perducerem
581 2220 621 2284 ad
639 2223 682 2286 te.
719 2221 812 2297 Quod
834 2221 983 2306 equidem
1006 2223 1071 2288 feci
1094 2229 1128 2289 et

115 2309 261 2392 liberius,
288 2329 386 2391 quam
413 2309 603 2390 expediebat
629 2309 724 2392 mihi,
753 2315 904 2375 executus
933 2331 1005 2375 sum
1032 2316 1129 2377 tuum

114 2399 296 2482 imperium.
323 2395 477 2481 Gorgiam
492 2401 524 2460 et
537 2395 737 2462 Hecataeum
752 2403 785 2462 et
799 2397 973 2483 Gorgatan,
988 2421 1128 2483 quorum

62 2513 96 2563 39
115 2488 201 2552 bona
224 2506 321 2568 opera
342 2484 451 2568 uteris,
473 2484 547 2549 inde
570 2485 713 2568 perduxi.
758 2485 843 2561 Quid
864 2486 966 2572 igitur
984 2488 1127 2572 iniquius

115 2579 174 2658 est,
198 2595 295 2659 quam
313 2595 373 2657 me,
397 2573 461 2658 qui,
485 2573 512 2638 si
530 2574 592 2638 tibi
610 2595 675 2639 non
692 2576 880 2658 paruissem,
903 2577 972 2640 iure
991 2576 1127 2642 daturus

114 2663 163 2727 fui
181 2685 310 2746 poenas,
332 2684 418 2726 nunc
435 2663 549 2746 perire,
572 2663 649 2747 quia
665 2664 780 2746 parui?
821 2662 934 2747 Neque
952 2664 1037 2729 enim
1057 2665 1129 2730 ulla

115 2751 180 2815 alia
202 2751 300 2815 matri
322 2755 399 2814 tuae
421 2751 632 2834 persequendi
651 2772 710 2816 nos
729 2755 902 2836 causaest,
921 2774 1021 2836 quam
1040 2753 1127 2837 quod

62 2866 96 2915 40
115 2838 292 2902 utilitatem
306 2842 397 2902 tuam
411 2838 560 2902 muliebri
575 2841 820 2922 praeposuimus
835 2841 969 2924 gratiae.
987 2859 1024 2906 vr
1034 2842 1128 2907 milia

115 2924 327 2990 Macedonum
357 2926 502 3010 peditum
534 2929 567 2990 et
593 2942 639 2991 Dc
668 2928 793 3010 equitas
825 2929 955 3012 adduxi,
988 2951 1127 3013 quorum

114 3035 190 3097 pars
214 3017 363 3078 secutura
385 3035 524 3078 menon
547 3017 626 3097 erat,
649 3014 677 3078 si
695 3016 847 3081 militiam
870 3018 1126 3084 detrectantibus

114 3102 280 3185 indulgere
298 3103 482 3167 voluissem.
524 3099 675 3185 Sequitur
699 3123 786 3189 ergo,
809 3109 853 3189 ut,
876 3105 952 3190 quia
974 3106 1034 3170 illa
1052 3128 1126 3190 pro·

114 3193 188 3274 pter
210 3189 294 3254 hanc
317 3210 447 3255 causam
470 3190 623 3256 irascitur
643 3191 748 3276 nobis,
770 3197 806 3257 tu
827 3195 959 3279 mitiges
978 3198 1126 3278 matrem,

116 3279 172 3363 qui
196 3279 261 3343 irae
286 3278 354 3342 eius
377 3300 437 3344 nos
461 3277 633 3343 obtulisti'.
