2356 3846
108 159 151 224 88
484 159 516 226 Q·
535 160 647 219 OURTI
664 161 750 216 RUFI

73 305 304 374 31111111111
328 326 484 390 aquarum
507 304 740 370 Persicomari
763 309 972 372 1911111111
1017 306 1125 374 Amne

108 397 260 478 superato
283 414 356 459 oum
379 411 454 457 vnn
472 394 602 459 milibus
625 394 769 495 peditum
792 398 825 458 91
846 395 1000 480 Agrianis
1024 396 1123 481 sagit-

108 483 264 567 tertiaque
287 487 316 546 et
332 479 527 547 Graecorum
550 482 843 548 mercennariorum
864 483 969 548 tribus
992 484 1125 548 milibus

108 505 227 636 additiqs
251 568 413 634 Thracum
434 570 550 636 mille
541 592 576 633 m
598 570 763 655 regionem
785 569 943 636 Uxiorum
965 571 1124 654 pervenit

107 656 262 722 Finitima
289 657 379 723 Susis
412 661 462 722 est
494 658 563 722 11
554 679 589 721 m
615 659 752 741 primam
780 657 944 724 Persidem
974 659 1124 742 excurrit,

73 767 90 814 4
111 751 216 811 artum
234 748 318 810 inter
336 769 370 812 se
389 750 422 811 et
435 744 591 811 Susianos
609 746 732 810 aditum
749 747 943 832 relinquens.
976 746 1125 812 Medates

109 838 178 900 erat
207 835 349 919 regionis
376 835 571 917 praefectus,
601 834 688 899 haud
711 856 788 902 sane
810 838 992 918 temporum
1015 835 1124 917 homo,

75 923 227 1007 equippe
249 924 363 987 ultima
385 945 444 1006 pro
467 922 528 986 fide
551 923 687 1005 experiri
709 923 900 988 decreverat
941 922 1003 988 Sed
1026 923 1124 1007 periti

108 1013 251 1076 locorum
279 1010 497 1075 Alexandrum
525 1011 656 1095 docent,
688 1012 848 1076 occultum
879 1011 941 1075 iter
968 1032 1037 1076 csse
1063 1032 1124 1094 per

109 1100 205 1163 calles
234 1102 267 1162 ct
293 1120 440 1163 aversum
463 1100 504 1163 ab
527 1099 618 1163 urbe:
651 1100 678 1163 si
700 1121 821 1182 paucos
844 1100 988 1164 misisset
1007 1099 1126 1164 leviter

74 1217 90 1265 5
109 1191 265 1270 armatos,
294 1207 390 1270 super
411 1187 518 1270 capita
539 1186 683 1251 hostium
706 1208 866 1252 evasuros.
912 1185 994 1252 (lum
1016 1187 1124 1252 consi·

109 1275 188 1339 lium
211 1275 394 1357 placuisset,
416 1275 513 1338 iidem
535 1274 687 1357 itinerum
709 1274 839 1338 fuerunt
861 1273 966 1339 duces.
998 1293 1025 1338 n
1047 1278 1083 1339 91
1098 1292 1123 1339 n

109 1361 253 1427 mercede
276 1361 425 1426 conducti
448 1366 482 1425 et
501 1361 639 1446 Agriani
660 1362 726 1426 fere
748 1381 776 1426 11
793 1361 936 1427 Tauroni
956 1363 1124 1445 praefecto

74 1450 182 1519 edati
216 1471 253 1514 ac
283 1453 358 1533 post
389 1451 467 1514 solis
495 1471 643 1515 occasum
670 1450 732 1515 iter
758 1451 884 1534 ingredi
910 1451 998 1515 iussi.
1047 1448 1124 1534 Ipse

108 1538 205 1602 tertia
233 1538 345 1622 vigilia
374 1538 489 1603 castris
518 1539 615 1603 motis
643 1537 727 1603 circa
753 1538 834 1602 lueis
862 1542 968 1603 ortum
991 1543 1127 1622 superat

109 1626 277 1710 angustias
304 1647 459 1710 caesaque
482 1627 617 1691 materia
639 1626 780 1690 cratibus
804 1629 837 1690 et
858 1627 976 1709 pluteis
998 1626 1124 1690 faciun-

110 1715 168 1797 dis,
191 1717 237 1796 ut,
255 1714 311 1798 qui
327 1717 433 1779 turres
452 1714 667 1796 admoverent,
685 1717 777 1778 extra
793 1714 851 1777 teli
869 1714 989 1778 iactum
1006 1718 1126 1798 essent,

73 1802 220 1873 aurbem
250 1802 395 1867 obsidere
423 1803 536 1885 coepit.
580 1800 758 1884 Praerupta
784 1805 877 1865 erant
902 1801 1013 1867 omnia
1035 1802 1125 1866 saxis

109 1892 143 1953 et
174 1889 299 1955 cotibus
330 1890 483 1974 inpedita
528 1888 639 1953 Multis
668 1909 744 1973 ergo
776 1890 961 1953 vulneribus
989 1889 1127 1972 depulsi,

109 1982 147 2042 ut
170 1976 285 2060 quibus
307 1999 374 2042 non
396 1999 470 2042 cum
491 1977 586 2042 hoste
609 1976 728 2060 solum,
756 1977 812 2041 sed
834 1978 932 2041 etiam
955 1997 1029 2042 cum
1051 1978 1125 2042 loco

75 2086 92 2134 1
112 2064 328 2130 dimicandum
351 2068 444 2148 esset,
467 2065 619 2129 subibant
640 2067 759 2147 tamen,
782 2064 858 2148 quia
879 2085 936 2128 rex
955 2065 1042 2128 inter
1058 2066 1124 2148 pri-

109 2175 180 2218 mos
213 2154 403 2217 constiterat
428 2153 645 2236 interrogans,
677 2155 728 2216 tot
755 2152 884 2216 urbium
911 2152 1049 2218 victores
1081 2175 1125 2217 an

74 2295 76 2300 .
110 2240 332 2305 erubescerent
367 2240 498 2305 haerere
533 2241 570 2304 in
600 2239 767 2305 obsidione
799 2239 922 2306 castelli
954 2240 1062 2324 exigui
1091 2245 1126 2305 et

109 2328 277 2414 ignobilis,
294 2329 388 2393 simul
407 2328 583 2392 admonens
606 2327 781 2392 Tauronem
800 2347 872 2392 moa
889 2328 1045 2392 acediam
1062 2348 1126 2394 esse

110 2418 256 2483 latarum.
291 2415 381 2480 Inter
397 2417 477 2481 haec
497 2416 622 2480 eminus
640 2414 823 2498 petebatur:
847 2436 941 2499 quem
959 2416 1124 2481 testudine

110 2505 236 2571 obiecta
257 2504 376 2568 milites
404 2539 446 2551 —
471 2506 510 2567 ut
531 2502 708 2589 decederet,
734 2504 910 2586 perpellere
932 2504 1125 2588 nequierant

58 2616 153 2665 10-
177 2593 358 2659 tuebantur.
403 2590 548 2657 Tandem
575 2590 706 2656 Tauron
729 2611 824 2674 super
847 2611 952 2655 arcem
975 2592 1065 2657 urbis
1088 2593 1172 2656 soll

111 2703 183 2746 cum
216 2703 274 2747 suo
308 2680 436 2765 agmine
464 2679 618 2746 ostendit:
655 2680 697 2745 ad
727 2680 818 2744 cuius
850 2682 1059 2763 conspectum
1090 2684 1125 2745 et

110 2770 253 2834 hostium
284 2769 384 2833 animi
414 2767 524 2833 labare
554 2770 587 2832 et
611 2766 802 2832 Macedones
834 2767 938 2832 acrius
964 2767 1124 2850 proelium

58 2877 91 2926 11
110 2857 192 2921 inire
222 2859 404 2940 coeperunt.
448 2854 577 2938 Anceps
604 2855 784 2937 oppidanos
811 2854 932 2919 malum
954 2856 1125 2939 urguebat,

109 2965 169 3008 nee
197 2945 268 3008 sisti
295 2945 343 3008 vis
365 2943 508 3008 hostium
530 2944 666 3025 poterat.
710 2940 825 3005 Paucis
848 2942 889 3005 ad
912 2943 1124 3027 moriendum,

109 3031 255 3116 pluribus
279 3031 319 3095 ad
341 3031 452 3116 fugam
475 3030 601 3094 animus
623 3027 695 3112 fuit,
719 3047 839 3112 magna
860 3050 936 3113 pars
959 3031 993 3094 in
1017 3052 1123 3095 arcem

110 3119 277 3184 concessit.
310 3117 389 3183 Inde
411 3135 482 3185 xxx
496 3116 678 3184 oratoribus
701 3116 809 3181 missis
827 3117 868 3182 ad
886 3118 1123 3201 deprecandum

110 3208 203 3272 triste
225 3227 416 3290 responsum
439 3228 459 3270 a
480 3224 557 3291 rege
578 3202 735 3269 redditur:
757 3226 825 3269 non
847 3226 918 3271 esse
941 3207 1055 3271 veniae
1074 3209 1122 3271 lo-

59 3316 92 3365 ra
111 3317 193 3361 cum.
228 3293 355 3378 Itaque,
384 3293 616 3377 suppliciorum
639 3313 765 3376 quoque
787 3296 875 3357 metu
897 3294 1051 3376 perculsi,
1081 3294 1123 3359 ad

111 3381 334 3469 Sisigambim,
359 3381 459 3447 Darei
481 3384 631 3483 matrem,
658 3379 785 3447 occulto
808 3380 922 3446 itinere
944 3382 1123 3466 ignotoque

95 3471 257 3536 hostibus
281 3470 433 3550 mittunt,
464 3470 520 3557 qui
545 3471 706 3555 peterent,
737 3469 810 3535 ut'
801 3490 873 3552 ipsa
899 3488 1009 3555 regem
1036 3470 1123 3534 miti·

73 3561 191 3638 garet,
219 3557 358 3626 haud
341 3559 470 3647 ignari,
498 3559 651 3647 parentis
679 3579 754 3627 eam
773 3557 852 3624 loco
878 3555 973 3638 diligi
992 3558 1129 3638 coneus
