2356 3846
259 159 515 216 HISTORIARUM
533 158 749 213 maranum
767 157 818 227 IV,
837 164 862 212 3.
1024 155 1066 220 39

52 307 210 390 pontibus
234 305 357 388 stratis,
384 304 440 388 qui
462 304 596 368 militem
620 304 829 387 sustinerent,
855 303 1067 386 inpleverant

54 393 110 459 Sic
140 395 315 458 instructas
346 392 563 476 quadriremes
594 391 635 456 ad
663 392 777 456 urbem
806 391 960 477 agebant:
991 391 1067 454 inde

54 482 192 546 missilia
210 482 245 544 in
262 484 506 565 propugnantes
524 481 754 564 ingerebantur
769 483 850 563 tuto,
874 481 949 564 quia
962 479 1066 563 proris

54 571 150 634 miles
171 570 350 655 tegebatur.
394 568 501 634 Media
523 591 588 634 nox
611 572 688 652 erat,
711 590 783 634 cum
807 570 950 650 classem,
973 568 1068 632 sicuti
1088 588 1121 636 16

55 659 179 722 dictum
207 661 268 742 est,
299 661 447 742 paratam
473 658 638 722 circumire
661 679 770 722 muros
792 657 889 722 iubet.
935 655 1067 740 Iamque

55 768 158 812 naves
176 746 250 811 urbi
264 747 405 831 undique
420 746 681 826 admovebantur,
699 750 732 810 et
744 745 831 827 Tyrii
846 745 1068 828 desperatione

55 834 242 920 torpebant,
264 857 338 900 cum
360 835 466 900 subito
486 835 608 918 spissae
627 833 728 898 nubes
741 833 907 897 intendere
922 855 955 897 se
970 833 1069 916 caelo,

56 928 104 1008 et,
137 923 292 1008 quidquid
318 923 399 988 lucis
427 922 650 1005 internitebat,
682 921 786 987 offusa
808 922 944 1006 caligine
968 922 1069 985 extin-

57 1016 147 1077 ctum
179 1015 237 1077 est.
286 1008 369 1075 Tum
400 1011 624 1076 inhorrescens
654 1031 742 1074 mare
774 1010 930 1093 paulatim
959 1009 1069 1090 levari,
1089 1028 1121 1076 17

57 1099 175 1165 deinde
202 1100 324 1164 acriore
348 1102 446 1165 vento
469 1099 664 1164 concitatum
687 1099 804 1164 fluctus
825 1098 908 1164 ciere
931 1101 964 1162 et
985 1098 1070 1161 inter

58 1210 93 1253 se
114 1189 246 1273 navigia
264 1187 432 1252 conlidere.
467 1186 600 1272 Iamque
619 1187 721 1251 scindi
740 1190 915 1269 coeperunt
932 1186 1070 1267 vincula,

58 1277 176 1360 quibus
204 1297 343 1341 conexae
371 1276 588 1360 quadriremes
616 1279 721 1357 erant,
750 1296 841 1340 ruere
868 1275 1015 1339 tabulata
1038 1277 1071 1336 et

58 1386 133 1429 cum
158 1365 286 1449 ingenti
307 1365 436 1448 fragore
458 1365 494 1429 in
515 1364 712 1448 profundum
735 1385 842 1428 secum
864 1364 982 1427 milites
1005 1365 1069 1424 tra-

57 1453 144 1517 here.
189 1451 302 1535 Neque
330 1452 415 1516 enim
438 1456 586 1517 conserta
611 1452 743 1536 navigia
765 1452 832 1516 ulla
859 1473 919 1534 ope
945 1451 981 1515 in
1003 1454 1069 1514 tur·
1091 1469 1124 1518 18

58 1541 135 1605 bido
158 1540 229 1625 regi
251 1543 415 1623 poterant:
441 1541 532 1604 miles
555 1540 733 1604 ministeria
754 1543 940 1622 nautarum,
962 1559 1072 1602 remex

59 1628 173 1692 militis
196 1623 303 1692 officia
325 1629 487 1712 turbabat,
510 1632 551 1710 et,
574 1628 660 1710 quod
681 1628 717 1691 in
739 1628 895 1692 eiusmodi
918 1648 996 1691 casu
1019 1648 1070 1690 ac·

60 1717 151 1800 cidit,
188 1716 284 1799 periti
316 1717 440 1801 ignaris
471 1717 641 1801 parebant:
686 1712 805 1799 quippe
838 1716 1071 1799 gubernatores

60 1805 141 1869 alias
170 1805 329 1887 imperare
357 1805 444 1870 soliti
470 1809 541 1868 tum
568 1807 657 1868 metu
683 1803 797 1867 mortis
823 1803 911 1867 iussa
939 1823 1071 1885 exeque-

59 1892 188 1956 bantur.
234 1892 378 1956 Tandem
400 1893 496 1957 remis
518 1891 715 1976 pertinacius
739 1891 960 1956 everberatum
983 1911 1070 1954 mare
1093 1916 1096 1921 ·

60 1981 160 2044 veluti
183 1980 392 2063 eripientibus
414 1981 547 2065 navigia
569 1980 709 2044 classicis
733 1980 841 2064 cessit,
873 1979 1071 2062 adpulsaque

61 2073 138 2133 sunt
159 2068 247 2132 litori
269 2069 409 2132 lacerata
432 2070 591 2152 pleraque.

31 2151 62 2220 b
149 2154 256 2220 Isdem
286 2156 370 2220 forte
399 2157 511 2221 diebus
534 2154 851 2239 Carthaginiensium
878 2155 978 2239 legati
1000 2172 1072 2219 xxx
1092 2173 1124 2222 19

60 2244 302 2328 superveniunt,
324 2244 428 2328 magis
451 2243 591 2309 obsessis
615 2243 770 2308 solacium
788 2265 884 2327 quarn
903 2243 1071 2308 auxilium:

60 2333 179 2416 quippe
207 2331 382 2396 domestico
415 2333 500 2397 bello
528 2331 653 2397 Poenos
685 2331 824 2414 inpediri
855 2353 914 2396 nec
946 2331 984 2396 de
1012 2331 1071 2394 im-

59 2421 160 2505 perio,
183 2419 238 2484 sed
262 2440 321 2502 pro
345 2420 446 2484 salute
469 2420 620 2484 dimicare
643 2420 848 2485 nuntiabant
878 2417 1071 2503 Syracusani
1090 2439 1124 2488 2ο

58 2513 131 2573 tuin
145 2507 290 2572 Africam
312 2508 450 2572 urebant
470 2511 503 2571 et
519 2508 607 2572 haud
625 2508 737 2590 procul
752 2505 958 2592 Carthaginis
971 2507 1072 2571 muris

59 2598 249 2661 locaverant
276 2600 389 2661 eastra.
433 2594 511 2660 Non
537 2600 648 2660 tamen
670 2595 815 2660 defecere
837 2595 952 2658 animis
976 2593 1073 2679 Tyrii,

64 2705 263 2768 quamquam
281 2683 322 2747 ab
341 2684 467 2768 ingenti
485 2705 541 2766 spe
560 2684 706 2747 destituti
725 2687 825 2765 erant,
848 2682 903 2746 sed
920 2682 1073 2766 coniuges

58 2773 243 2854 liberosque
272 2771 472 2835 devehendos
500 2769 731 2855 Carthaginem
757 2771 972 2853 tradiderunt,
1009 2771 1073 2835 for·

58 2861 140 2941 tius,
177 2858 332 2944 quidquid
367 2858 539 2943 accideret,
574 2860 684 2943 laturi,
721 2859 749 2923 si
787 2858 986 2923 carissimam
1023 2859 1073 2922 sui

58 2950 186 3032 partem
223 2955 312 3012 extra
347 2951 465 3012 sortem
498 2948 633 3031 periculi
666 2947 844 3012 communis
874 2946 1072 3011 habuissent.

59 3034 205 3118 Cumque
227 3057 312 3100 unus
335 3057 352 3101 e
371 3036 493 3101 civibus
510 3037 546 3101 in
562 3036 710 3102 contione
724 3035 906 3117 indicasset,
929 3035 1072 3100 oblatam
1092 3057 1124 3103 21

59 3145 140 3187 esse⁴
155 3144 213 3206 per
234 3145 382 3188 somnum
406 3124 469 3189 sibi
491 3125 630 3209 speciem
649 3123 818 3207 Apollinis,
840 3145 936 3207 quem
956 3123 1073 3188 eximia

59 3211 218 3295 religione
241 3213 394 3296 colerent,
417 3213 530 3277 urbem
553 3212 738 3296 deserentis,
760 3212 941 3295 molemque
963 3233 983 3276 a
1004 3211 1072 3276 Ma-

61 3299 238 3364 cedonibus
268 3301 303 3364 iu
334 3300 403 3365 salo
434 3301 553 3365 iactam
583 3303 619 3366 in
651 3300 829 3365 silvestrem
856 3301 976 3366 saltum
1003 3321 1072 3365 esse

61 3390 234 3451 mutatam:
267 3409 461 3474 quamquam
483 3393 596 3454 auctor
617 3388 695 3455 levis
720 3392 800 3471 erat,
822 3392 933 3453 tamen
955 3388 996 3453 ad
1019 3389 1072 3452 de·
1091 3409 1125 3456 22

60 3476 181 3541 teriora
210 3476 367 3541 credenda
395 3479 491 3562 proni
509 3483 608 3544 ..metu
635 3498 733 3542 aurea
761 3480 876 3542 catena
903 3477 1078 3541 devinxere

61 3564 267 3629 simulacrum
303 3587 442 3651 araeque
463 3565 644 3656 Herculis,
679 3566 774 3634 curus
806 3564 946 3631 nummi
972 3563 1102 3624 uicem
