2356 3846
107 160 152 225 50
471 157 503 224 Q.
522 158 631 214 cuum
649 158 737 214 RUFI

108 326 180 369 cum
204 305 317 370 ardore
341 307 374 369 ct
397 302 539 372 siccitate
562 303 713 388 regionis,
736 302 792 368 sed
815 304 912 368 etiam
936 325 1009 368 cum
1031 307 1123 370 tena-

108 393 236 458 cissimo
274 393 400 476 sabulo,
436 392 522 474 quod
558 392 738 475 praealtum
770 394 803 456 et
834 391 971 478 vestigio
1004 393 1122 458 cedens

72 501 203 568 aaegre
235 482 412 546 moliuntur
442 480 549 564 pedes.
592 478 682 544 Haec
708 480 866 564 Aegyptii
893 501 968 545 vero
997 482 1123 552 maiora

108 570 281 635 iactabant.
326 567 388 634 Sed
413 569 529 653 ingens
552 568 668 651 cupido
691 568 834 632 animum
858 568 1046 633 stimulabat
1068 569 1122 633 ad·

108 658 206 722 eundi
234 656 356 741 Iovem,
393 679 486 740 quem
517 656 642 741 generis
670 656 720 720 sui
747 659 909 721 auctorem
936 655 1024 720 haud
1047 677 1122 721 con·

107 749 217 810 tentus
253 746 382 810 mortali
414 744 546 829 fastigio
580 747 636 808 aut
668 743 818 808 credebat
847 765 917 808 esse
947 747 1005 809 aut
1035 744 1123 809 credi

74 854 89 902 9
108 835 246 899 volebat
289 833 379 919 Ergo
406 854 479 897 oum
501 833 554 915 iis,
582 853 663 916 quos
686 831 799 895 ducere
823 853 931 896 secum
954 831 1171 917 statuerat&

109 922 248 987 secundo
283 942 377 985 amne
409 921 574 985 deseendit
605 920 645 984 ad
676 918 848 999 Mareotiq,
867 920 1026 1003 paludem.
1071 919 1123 987 Eo

108 1011 208 1095 legati
231 1007 464 1093 Cyrenensium
487 1008 572 1072 dona
595 1009 745 1092 attulere,
767 1029 880 1091 pacem
904 1011 936 1072 et
958 1011 996 1073 ut
1019 1009 1124 1074 adiret

109 1099 203 1162 urbes
231 1120 305 1162 suas
333 1101 488 1181 petentes.
537 1095 596 1160 Ille
628 1096 720 1160 donis
749 1096 888 1179 acceptis
918 1096 1123 1181 amicitiaque

57 1203 90 1253 10
109 1187 281 1250 coniuncta
308 1185 468 1250 destinata
495 1184 607 1267 exequi
629 1184 743 1269 pergit.
792 1184 840 1248 Ac
863 1184 967 1268 primo
992 1184 1124 1268 quidem

110 1278 142 1338 et
171 1277 324 1358 sequente
353 1273 403 1338 die
434 1272 612 1338 tolerabilis
644 1272 737 1336 labor
767 1271 854 1337 visus
882 1273 1027 1337 nondum
1053 1276 1124 1337 tam

110 1362 210 1426 vastis
235 1361 393 1445 nudisque
416 1360 641 1426 solitudinibus
665 1359 774 1443 aditis,
800 1360 865 1425 iam
888 1363 997 1424 tamen
1021 1361 1124 1425 sterili

57 1468 88 1517 11
110 1453 142 1514 et
165 1450 340 1514 emoriente
362 1453 456 1513 terra.
487 1446 550 1513 Sed
571 1451 608 1512 ut
631 1469 782 1532 aperuere
804 1469 837 1512 se
857 1448 961 1532 campi
980 1450 1047 1513 alto
1067 1450 1123 1514 ob-

109 1538 174 1602 ruti
202 1538 329 1622 sabulo,
360 1537 447 1602 haud
474 1558 565 1602 secus
593 1558 689 1620 quam
713 1536 908 1621 profundum
932 1557 1052 1620 aequor
1074 1537 1123 1600 in-

56 1643 90 1692 12
110 1626 212 1711 gressi
234 1630 354 1690 terram
377 1625 477 1691 oculis
499 1624 713 1708 requirebant.
749 1622 848 1688 Nulla
871 1624 976 1708 arbor,
997 1625 1123 1689 nullum

109 1714 189 1778 culti
212 1714 272 1778 soli
293 1714 481 1778 occurrebat
498 1712 678 1798 vestigium.
714 1712 810 1796 Aqua
833 1712 930 1776 etiam
953 1712 1124 1797 defecerat,

110 1824 207 1886 quam
229 1802 355 1867 utribus
378 1802 491 1866 cameli
513 1804 675 1884 vexerant,
697 1803 729 1863 et
751 1801 785 1863 in
806 1800 895 1864 arido
915 1801 984 1865 solo
1004 1821 1041 1865 ac
1059 1800 1123 1865 fer·

56 1908 89 1956 1³
109 1890 183 1954 vido
207 1889 319 1954 sabulo
343 1889 434 1954 nulla
457 1892 534 1953 erat.
573 1887 625 1952 Ad
646 1888 709 1953 hoc
733 1887 781 1952 sol
805 1887 914 1952 omnia
934 1888 1125 1953 incenderat

110 1977 256 2061 siccaque
288 1980 320 2040 et
352 1976 465 2041 adusta
497 1978 591 2040 erant
622 1997 693 2059 ora,
725 1997 797 2041 cum
826 1979 958 2058 repente
987 1977 1123 2041 —sive

109 2065 188 2128 illud
212 2065 344 2129 deorum
366 2086 484 2128 munus
508 2064 575 2128 sive
598 2084 690 2128 casus
712 2063 832 2128 fuit-
855 2064 1012 2130 obductae
1032 2066 1123 2130 caelo

109 2153 212 2217 nubes
236 2152 405 2217 condidere
429 2153 542 2235 solem,
565 2152 679 2234 ingens
703 2154 795 2216 aestu
817 2151 973 2237 fatigatis,
996 2151 1124 2218 etiamsi

58 2259 92 2307 14
111 2263 195 2324 aqua
218 2241 374 2323 deficeret,
396 2239 558 2304 auxilium.
589 2239 763 2304 Enimvero
787 2242 824 2303 ut
845 2241 972 2324 largum
995 2261 1123 2324 quoqne

109 2329 245 2392 imbrem
269 2332 475 2392 excusserunt
496 2327 666 2411 procellae,
688 2349 746 2411 pro
770 2349 803 2392 se
824 2329 958 2412 quisque
977 2328 1123 2412 excipere

110 2438 193 2500 eum,
217 2416 344 2499 quidam
364 2416 406 2480 ob
425 2415 511 2480 sitim
530 2416 712 2499 inpotentes
731 2415 780 2480 sui
800 2437 854 2480 ore
873 2437 998 2500 quoque
1017 2417 1124 2482 hianti

58 2524 92 2572 15
111 2508 241 2589 captare
259 2506 442 2588 coeperunt.
478 2502 698 2579 Quadriduum
721 2524 777 2588 per
800 2507 909 2569 vastas
932 2504 1123 2570 solitudines

108 2594 316 2677 absumptum
350 2595 408 2656 est.
460 2589 592 2675 Iamque
628 2591 714 2656 haud
750 2593 862 2675 procul
894 2593 1014 2657 oraculi
1047 2593 1122 2658 sede

111 2681 254 2764 aberant,
273 2702 346 2745 cum
365 2681 533 2764 conplures
548 2680 636 2744 corvi
650 2679 772 2766 agmini
786 2683 970 2745 occurumt:
993 2680 1122 2747 modico

110 2770 219 2833 volatu
242 2769 346 2852 prima
370 2768 463 2852 signa
485 2769 709 2833 antecedentes
732 2770 791 2849 [et]
814 2769 910 2833 modo
933 2769 1024 2834 humi
1045 2769 1122 2833 resi·

111 2855 239 2939 debant,
262 2877 334 2920 eum
357 2856 477 2920 lentius
499 2875 615 2940 agmen
637 2856 807 2940 incederet,
828 2856 924 2921 modo
948 2879 981 2922 se
1004 2857 1121 2940 pennis

58 2943 261 3012 relevabant
288 2943 471 3008 ducentium
497 2944 621 3027 iterque
648 2943 898 3009 monstrantium
920 2947 993 3010 ritu.
1038 2943 1171 3010 Tan-31

111 3032 183 3097 dem
207 3030 247 3095 ad
270 3032 377 3096 sedern
401 3036 620 3096 consecratam
642 3031 702 3095 deo
725 3035 858 3096 ventum
881 3037 939 3098 est.
984 3033 1122 3098 Incredi-

110 3119 175 3183 bile
203 3118 304 3202 dictu,
335 3120 419 3184 inter
441 3122 549 3185 rastas
573 3119 761 3184 solitudines
784 3120 848 3184 sita
870 3121 1011 3204 undique
1033 3123 1122 3188 amb·

110 3207 251 3271 tentibus
283 3207 381 3272 ramis
408 3207 462 3272 vix
493 3208 527 3272 in
554 3207 687 3271 densam
714 3207 861 3272 umbram
892 3210 1025 3274 cadente
1054 3210 1121 3275 sole

111 3298 258 3360 contecta
289 3298 352 3379 est,
382 3295 539 3380 multique
567 3295 676 3361 fontes
703 3294 848 3360 dulcibus
875 3298 967 3382 aquis
999 3297 1121 3382 passim

59 3403 92 3452 1⁷
111 3383 318 3448 manantibus
338 3384 431 3447 alunt
448 3383 555 3448 silvas.
592 3380 681 3448 Caeli
699 3404 824 3467 quoque
842 3385 924 3449 mira
941 3386 1121 3468 temperies,

104 3491 203 3534 remo
231 3472 337 3553 tepori
363 3471 503 3535 maxime
531 3472 659 3558 similis,
687 3492 798 3537 omnes
821 3473 898 3537 anni
919 3477 1028 3556 partes
1050 3472 1121 3558 pari

20 3561 61 3608 se
77 3553 282 3622 salubritate
307 3560 488 3642 percurrit.
536 3560 680 3631 Accolae
712 3559 798 3626 sedis
828 3564 906 3626 sunt
933 3561 974 3625 ab
1001 3561 1122 3625 oriente
