2356 3846
120 157 183 220 146
494 160 525 226 Q.
545 157 655 214 CURTI
673 158 760 215 RUFI

64 311 97 363 21
118 302 268 368 sontibus
282 303 447 367 remittere
462 303 570 367 edixit.
606 301 754 368 Philotas
772 323 890 368 verone
905 323 947 368 en
960 301 1160 369 mendacioA
1175 324 1178 336 ⁴

118 391 256 455 liberare
280 412 313 455 se
337 415 356 456 a
379 393 523 455 cruciatu
545 390 699 473 voluerit,
723 412 840 474 anceps
864 391 1052 456 coniectura
1074 395 1132 475 est,

119 480 272 562 quoniam
302 482 335 544 et
366 501 443 543 vera
470 478 627 544 confessis
656 483 689 542 et
716 479 802 544 falsa
832 478 1017 544 dicentibus
1045 479 1131 544 idem

66 579 99 628 aa
118 567 239 632 doloris
262 569 337 633 finis
361 568 552 632 ostenditur:
575 571 727 650 ceterum,
750 566 870 633 ‘Pater'
893 567 1011 652 inquit,
1029 566 1133 632 ‘meus

118 654 305 739 Hegelocho
329 678 426 740 quam
453 655 658 720 familiariter
680 677 758 720 usus
782 657 839 739 sit,
865 676 933 721 non
956 656 1134 740 ignoratis:

118 743 210 807 illum
237 744 308 809 dico
336 743 571 830 Hegelochum,
600 745 655 828 qui
680 745 715 808 in
738 744 806 809 acie
830 743 957 808 cecidit:
985 745 1133 809 omnium

66 844 100 893 23
119 833 278 898 malorum
297 833 392 897 nobis
410 835 440 898 is
461 832 524 896 fuit
543 853 647 897 causa.
692 830 778 896 Nam
797 853 871 896 cum
887 832 1031 917 primum
1043 831 1133 898 Iovis

118 920 222 984 filium
241 943 275 985 se
295 922 430 985 salutari
444 922 539 985 iussit
553 942 617 1004 rex,
635 919 669 984 id
684 920 815 1005 indigne
829 920 936 985 ferens
950 920 1018 1005 ille,
1035 920 1133 986 ‘hunc

118 1010 219 1092 igitur
245 1029 355 1094 regem
379 1009 620 1094 adgnoscimus,
647 1008 766 1092 inquit,
788 1008 843 1092 qui
865 1008 1056 1092 Philippum
1079 1008 1133 1074 de-

119 1096 271 1180 dignatur
293 1098 442 1181 patrem?
466 1101 574 1162 aetum
597 1104 646 1160 cst
668 1097 707 1160 de
732 1096 840 1181 nobis,
864 1097 893 1161 si
915 1097 981 1162 ista
1004 1097 1133 1182 perpeti

119 1207 299 1268 possumus.
322 1185 397 1251 Non
414 1186 562 1250 homines
577 1186 692 1268 solum,
710 1184 879 1250 sedetiam
893 1185 970 1250 deos
985 1185 1134 1270 despicit,

66 1285 101 1334 24
120 1275 174 1357 qui
198 1275 344 1356 postulat
367 1275 444 1338 deus
468 1273 562 1337 credi.
603 1273 781 1338 Amisimus
798 1272 1030 1357 Alexandrum,
1054 1274 1134 1339 ami·

120 1362 220 1425 simus
239 1381 362 1444 regem:
386 1362 556 1427 incidimus
579 1362 614 1425 in
637 1362 829 1445 superbiam,
853 1383 912 1426 nec
932 1361 991 1446 dis,
1014 1363 1133 1446 quibus

120 1471 154 1513 se
177 1452 342 1532 exaequat,
364 1471 423 1514 nec
444 1449 646 1532 hominibus,
669 1452 786 1534 quibus
809 1471 843 1513 se
866 1450 989 1532 eximit,
1011 1451 1133 1516 tolera-

66 1537 226 1621 rthilem.
261 1537 425 1604 Nostrone
444 1539 599 1622 sanguine
618 1537 711 1602 deum
728 1537 872 1620 lecimus
891 1538 947 1621 qui
964 1559 1026 1603 nos
1041 1538 1133 1603 fasti·

119 1626 210 1690 diat?
230 1627 286 1710 qui
300 1631 451 1712 gravetur
466 1627 654 1691 mortalium
668 1626 758 1691 adire
773 1625 966 1690 concilium?
1000 1624 1133 1692 Credite

67 1728 101 1776 xc
120 1715 201 1779 mihi
226 1718 259 1779 et
281 1737 350 1796 nos,
373 1716 401 1780 si
426 1714 489 1779 viri
512 1736 631 1796 sumus,
655 1713 746 1778 adis
770 1714 1006 1798 adoptabimur.
1053 1713 1132 1791 Quis

118 1825 276 1886 proavum
302 1802 398 1868 huius
425 1802 633 1880 Archelaum,
662 1802 734 1886 quis
762 1802 876 1867 deinde
898 1802 1133 1887 Alexandrum,

119 1891 191 1975 quis
215 1891 401 1957 Perdiccam
428 1891 551 1955 occisos
579 1891 667 1954 ultus
695 1889 766 1954 est?
793 1891 847 1955 hic
875 1890 1006 1974 quidem
1034 1892 1134 1956 inter-

67 1991 99 2041 27
119 1980 296 2044 lectoribus
313 1980 416 2064 patris
431 1977 578 2062 ignovit'.
610 1977 699 2042 Haec
713 1977 919 2062 Hegelochus
934 1978 1017 2044 dixit
1036 2001 1133 2064 super

120 2089 245 2132 cenam:
278 2071 311 2132 et
338 2071 468 2152 postero
497 2067 548 2130 die
575 2067 681 2150 prima
709 2066 779 2131 luce
807 2089 827 2131 a
852 2069 946 2149 patre
974 2088 1133 2133 accersor.

119 2155 236 2219 Tristis
256 2159 326 2219 erat
345 2158 377 2220 et
394 2176 446 2219 me
464 2158 623 2219 maestum
636 2154 777 2218 ridebat.
804 2152 1020 2220 Audieramus
1037 2157 1133 2240 enim,

67 2255 100 2306 28
120 2264 201 2328 quae
221 2243 473 2309 sollicitudinem
492 2243 681 2307 incuterent.
716 2242 831 2326 Itaque
849 2245 886 2306 ut
904 2244 1133 2329 experiremur,

120 2336 269 2397 utrumne
292 2332 367 2396 vino
381 2335 544 2416 ‘gravatus
569 2330 735 2395 effudisset
757 2331 829 2413 illa,
853 2351 895 2394 an
918 2331 1036 2397 altiore
1059 2354 1133 2399 con-

120 2423 214 2505 cepta
237 2420 385 2502 consilio,
414 2419 534 2484 accersi
562 2439 634 2482 eum
657 2418 787 2502 placuit.
832 2416 933 2483 Venit
956 2420 1134 2506 eodemque

120 2530 266 2573 sermone
280 2508 366 2573 ultro
385 2508 523 2592 repetito
542 2507 669 2590 adiecit,
686 2528 730 2590 se,
749 2507 815 2572 sive
830 2507 1020 2573 auderemus
1035 2509 1133 2575 duces

121 2619 204 2681 esse,
227 2598 392 2681 proximas
416 2618 435 2661 a
458 2596 553 2661 nobis
575 2598 685 2679 partes
709 2595 960 2674 vindicaturum,
987 2597 1056 2662 sire
1080 2597 1133 2663 de·

68 2689 207 2750 coesset
234 2686 374 2769 animus,
401 2685 571 2749 consilium
595 2684 724 2750 silentio
748 2705 818 2750 esse
839 2687 1009 2749 tecturum.
1055 2685 1133 2752 Par·

120 2774 263 2837 menioni
283 2775 355 2838 vivo
380 2773 484 2837 adhuc
502 2772 609 2837 Dareo
627 2773 858 2856 intempestiva
875 2794 927 2837 res
945 2773 1133 2839 videbatur:

120 2882 185 2924 non
209 2862 295 2925 enim
319 2861 396 2945 sibi,
426 2861 482 2925 sed
504 2860 594 2925 hosti
621 2881 690 2924 esse
717 2861 879 2926 occisuros
901 2860 1134 2941 Alexandrum,

120 2947 228 3012 Dareo
255 2970 332 3013 vero
360 2949 489 3013 sublato
517 2947 694 3031 praemium
721 2949 808 3032 regis
835 2949 934 3014 occisi
956 2949 1072 3016 Asiam
1100 2954 1133 3016 et

120 3039 226 3100 totum
249 3036 414 3102 Orientem
440 3034 701 3101 interfectoribus
729 3057 798 3101 esse
826 3059 963 3103 cessura.
1004 3038 1133 3123 Adpro-

121 3123 261 3208 batoque
285 3125 420 3191 consilio
445 3126 479 3190 in
501 3123 582 3188 haec
604 3123 682 3186 fides
706 3127 739 3188 et
760 3123 838 3189 data
861 3130 911 3191 est
934 3130 967 3191 et
989 3132 1134 3212 accepta

69 3225 103 3275 30
123 3211 215 3288 Quod
244 3212 284 3277 ad
311 3211 477 3296 Dymnum
504 3211 656 3297 pertinet,
687 3211 769 3276 nihil
797 3215 863 3279 scio
892 3218 924 3278 et
951 3213 1031 3281 haec
1059 3237 1134 3282 con·

120 3301 226 3367 fessus
258 3300 414 3386 intellego
440 3322 506 3366 non
532 3299 683 3384 prodesse
711 3300 806 3383 mihi,
838 3303 924 3386 quod
950 3306 1133 3387 praesentis

69 3402 101 3453 31
122 3390 253 3457 sceleris
281 3410 395 3474 expers
426 3412 507 3455 sum.
556 3386 610 3452 Illi
641 3408 752 3453 rursus
784 3392 954 3456 tormentis
984 3391 1133 3478 admotis,

113 3501 189 3544 curn
206 3479 274 3563 ipsi
298 3499 427 3566 quoque
445 3477 549 3542 hastis
564 3499 600 3542 os
620 3477 792 3561 oculosque
811 3479 879 3542 eius
899 3479 1133 3565 everberarent,

36 3571 80 3621 32
97 3585 307 3658 expressere,
338 3575 377 3641 ut
404 3569 470 3640 hoc
499 3587 630 3657 quoque
653 3566 776 3633 crimen
796 3567 1014 3630 conhteretur.
1055 3568 1132 3633 Exi-
