2356 3846
111 127 176 191 114
476 126 517 192 Q.
539 125 649 182 CURTI
665 124 752 180 RUFI

110 270 227 354 Quippe
246 267 414 352 supieniem
434 270 587 335 insecutus
609 267 788 335 Alenander
808 266 845 332 in
867 267 1038 352 lumenque
1059 268 1123 334 mco

108 359 209 443 mopis
235 358 393 440 mapisqm
419 358 598 439 rapiebatur
619 361 649 422 ct
669 377 706 422 ecc
727 357 794 437 ipso
810 356 929 436 proelio
947 377 1122 422 mercenna-

108 448 228 512 riorum
250 447 357 528 inpcns
378 446 541 511 multitudo
559 446 595 510 in
614 443 779 510 &amiam
798 443 878 526 fnpa
893 449 1123 526 penetrauerat:

107 555 239 618 quorum
258 539 321 598 octo
333 534 432 598 milia
449 533 576 598 Persica
592 534 728 615 pecunia
744 532 892 597 conducit
907 533 991 616 Apis
1006 553 1123 599 corum·

108 644 165 704 que
187 642 279 704 opera
300 623 463 703 plerasque
485 620 675 687 &rotomum
696 620 785 686 sorbes
807 621 925 703 recepit.
971 619 1053 688 &em
1076 624 1122 687 ole-

75 735 77 738 ⁴
108 713 212 793 inceps
224 711 343 776 Menon
360 712 396 789 in
411 709 579 774 iliraciam
597 709 636 775 ab
649 709 830 774 Alenandro
847 711 961 775 missus
978 709 1124 776 barbaros

108 800 152 863 ad
168 799 361 879 domationem
378 798 542 880 inpulisset
557 799 656 880 adque
677 817 746 862 cam
763 798 1015 880 conprimendam
1032 798 1124 864 Anti·

102 892 196 970 pater
208 888 373 952 enacitum
386 885 619 951 enMoeedonia
631 886 667 951 in
677 885 848 950 Thraciam
860 887 1004 971 dmrsset,
1017 906 1123 970 oppor-

109 976 239 1040 mnitate
261 975 405 1056 temporis
430 979 552 1038 strenue
577 974 629 1039 usi
653 973 891 1038 Lacedaemonii
918 979 1014 1039 totam
1038 975 1123 1041 Pelo·

102 1082 276 1145 pannosum
286 1063 400 1144 parteis
417 1062 542 1126 urbilms
559 1063 689 1142 exceptis
707 1063 742 1126 in
753 1067 862 1143 partes
875 1067 1040 1127 macmnnt
1056 1083 1123 1130 con·

107 1151 242 1233 tntaque
268 1151 401 1215 maeitu
427 1151 538 1232 oipinti
564 1151 687 1214 milium
711 1151 852 1232 pediinm
878 1170 949 1214 cum
974 1151 1125 1232 equitibus

108 1239 155 1304 bis
181 1238 266 1303 mille
287 1237 386 1319 Apicii
412 1257 568 1302 summam
591 1238 716 1320 imperii
738 1238 917 1304 detulerunt.
956 1237 1125 1322 Antipater

22 1385 27 1391 .
108 1347 143 1391 ea
170 1347 204 1390 re
230 1331 372 1406 conperta
398 1325 509 1390 bellum
536 1326 571 1389 in
594 1325 744 1408 Thracia,
770 1327 880 1408 pullus
902 1330 1002 1408 potest
1022 1328 1124 1393 cmdi·

107 1413 258 1497 donibus,
284 1415 428 1495 conponit
454 1414 628 1496 raptimque
648 1415 684 1479 in
712 1413 878 1478 Gramiam
905 1434 1060 1497 repressus
1086 1416 1126 1482 ot

107 1503 218 1566 amieis
248 1501 395 1583 sociisque
422 1501 596 1567 ciuitatiims
621 1503 744 1567 auailia
771 1503 855 1584 cepit.
911 1502 1029 1582 Quilms
1055 1523 1125 1570 con·

107 1590 295 1655 uenientibus
321 1589 365 1654 ad
386 1591 595 1672 quadropinia
615 1595 828 1672 pupnatornm
850 1590 942 1655 milia
963 1593 1123 1659 recensuit.

107 1679 285 1744 Advenerat
314 1682 344 1743 et
373 1698 410 1744 en
439 1677 644 1760 Peloponneso
675 1679 782 1743 ualida
810 1697 940 1744 manus:
971 1681 1026 1745 sed
1050 1682 1127 1762 quic

107 1767 234 1832 duliam
255 1768 394 1848 ipsormn
415 1767 507 1848 fidem
529 1768 701 1850 resciverat,
729 1767 927 1832 dissimulata
951 1769 1126 1851 suspicione

105 1856 228 1938 pretias
240 1856 308 1939 epit,
325 1855 408 1936 qmd
422 1855 467 1919 ad
478 1855 697 1935 defendendam
710 1856 855 1920 adrasus
867 1855 1127 1924 Lacedaemonios

107 1943 286 2008 Alenaudri
311 1943 492 2025 dipnitotem
518 1943 705 2024 adfuissent:
736 1945 925 2025 scriptmmn
949 1964 982 2010 se
1003 1946 1040 2010 id
1059 1946 1128 2029 rcpi

104 2031 244 2112 pratiam
273 2029 309 2092 in
336 2033 467 2109 tempore
498 2031 642 2096 relaturo.
691 2031 735 2096 In
760 2051 910 2114 praesens
937 2032 1020 2098 nihil
1049 2054 1127 2116 opus

107 2137 169 2182 esse
193 2115 363 2181 maiouim
384 2117 496 2197 copies:
517 2117 621 2197 itaque
642 2119 747 2184 domos
768 2121 904 2186 redirent
922 2121 1056 2202 foederis
1073 2143 1125 2188 nc

107 2206 243 2270 cessitate
268 2203 394 2286 mpleta.
435 2203 572 2269 Nuntios
595 2204 703 2269 deinde
724 2205 768 2269 ad
788 2204 1005 2271 Alenandmm
1027 2211 1127 2276 mittit

108 2294 145 2358 de
173 2297 258 2356 motu
281 2291 432 2356 Graeciae
457 2292 613 2357 certiorem
639 2293 784 2373 facturos.
828 2292 931 2375 Atque
952 2295 1003 2358 illi
1025 2316 1127 2378 repon

107 2382 193 2464 apud
213 2379 335 2445 Bactra
357 2381 479 2466 demetra
501 2381 650 2445 consecuti
675 2385 761 2463 sunt,
789 2401 859 2446 crem
880 2383 1007 2447 interim
1029 2383 1126 2450 Anti·

101 2470 193 2551 patri
213 2469 341 2534 amru
358 2472 387 2533 et
402 2487 471 2533 nece
488 2468 601 2551 Apidis
618 2470 654 2533 in
670 2469 813 2534 Arcadia
830 2474 1022 2535 transactum
1039 2477 1125 2539 essct.

107 2556 192 2623 Sane
204 2558 270 2622 iam
281 2557 402 2638 pridem
416 2557 551 2623 tumultu
562 2557 874 2623 Lacedaemoniorum
886 2559 1013 2642 copnito,
1026 2581 1127 2642 quan·

109 2651 175 2711 mm
207 2650 250 2711 tot
276 2651 430 2711 nmmum
456 2647 566 2728 spatiis
597 2647 744 2713 dismems
769 2651 903 2730 poterat,
931 2649 1126 2729 prociderat:

108 2732 331 2816 Amphoterum
352 2754 423 2822 cum
445 2732 569 2816 Oppriis
590 2739 621 2800 et
636 2734 813 2801 Phoeniciis
834 2735 965 2800 naoimrs
981 2736 1017 2800 in
1034 2736 1126 2803 Pdo

102 2841 276 2903 ponnesum
288 2823 444 2905 naorpore,
460 2823 604 2887 Marcion
622 2823 686 2886 trio
703 2825 794 2888 milia
812 2824 960 2889 ialentmn
976 2825 1022 2889 ad
1037 2845 1126 2892 utare

110 2909 225 2990 deferre
257 2910 401 2994 iusserat,
431 2914 468 2974 ut
497 2929 535 2974 en
559 2911 735 2992 propinqum
762 2913 927 2992 pannium
952 2912 1126 2996 Antipatro

108 2995 363 3081 sumministraret,
384 3001 503 3080 quanta
524 2997 616 3062 illum
637 2998 773 3080 indipcrc
794 3002 983 3081 coymoissei.
1023 3001 1126 3068 Probe

108 3085 191 3149 enim
208 3091 417 3171 perspecerat,
438 3086 549 3167 quanti
570 3084 614 3149 ad
629 3087 736 3151 omma
753 3090 898 3153 momenti
915 3094 1015 3155 motus
1031 3090 1126 3157 suus

108 3172 270 3238 inclinatio
290 3173 401 3254 futura
423 3177 505 3255 esset,
526 3193 715 3255 quampiam
736 3177 875 3258 deinceps
896 3183 1014 3261 accepto
1031 3180 1124 3245 moto

107 3262 176 3326 riae
192 3261 302 3325 nuntio
319 3263 386 3328 suis
403 3261 542 3345 moribus
559 3262 595 3327 id
610 3262 775 3329 discrimen
792 3284 966 3346 conparans
984 3268 1125 3332 nmrirrm

109 3369 177 3416 eom
204 3369 349 3431 prunam
375 3350 473 3431 fur'ssc
503 3349 665 3422 autam
695 3355 746 3416 est.
796 3350 933 3418 Oetermn
958 3356 1124 3439 principia

104 3439 175 3502 eires
195 3437 266 3504 cette·
291 3437 378 3504 iano
402 3439 584 3520 inprospera
605 3439 857 3506 Lacedaemoniis
881 3442 976 3523 fuere.
1024 3444 1125 3509 Iucia

88 3521 291 3612 Chordapmn
312 3524 523 3598 Macedonico
550 3527 708 3596 castellum
734 3549 805 3594 urm
828 3528 990 3611 Antipatri
1013 3533 1124 3596 militi-
