2370 3834
491 183 706 248 ..15-

86 340 257 409 nostrum’.
299 343 362 408 Per
390 366 472 428 quae
501 347 534 409 et
560 344 613 408 his
642 342 764 408 similia
793 342 937 406 animum
963 340 1027 405 viri
1057 340 1108 404 sui

87 430 277 514 aliqualiter
300 432 474 519 mitigavit.

177 519 314 586 Nobiles
330 527 439 587 autem
454 522 607 607 coniuges
622 522 706 586 nihil
722 521 809 586 aliud
827 519 912 605 apud
932 541 966 584 se
984 519 1105 583 haben·
1117 520 1165 585 23

86 612 152 692 tes,
180 607 219 673 de
243 632 306 694 quo
330 612 439 677 cibum
463 615 496 677 et
519 617 633 696 potum
657 633 783 676 sumere
806 613 955 694 possent,
980 608 1044 672 nisi
1067 607 1107 672 de

59 698 249 764 ufructibus
268 701 471 784 quarundam
490 702 643 766 arborum
663 722 743 785 quas
762 701 797 764 in
815 699 981 782 praedicta
999 696 1108 762 insula

86 788 282 853 invenerunt
304 794 337 854 et
364 791 402 855 de
427 811 512 874 aqua
534 790 702 855 maritima
729 811 764 855 se
793 810 852 873 per
880 787 1008 871 aliquos
1038 786 1107 850 dies

87 876 271 942 refecerunt
299 879 386 943 aliud
416 880 546 963 penitus
578 880 815 944 nutrimentum
844 899 911 942 non
940 876 1108 941 habentes

88 963 252 1032 Oumt
195 970 252 1032 aut
254 989 304 1032 em
332 969 491 1053 placuerit
518 969 646 1033 divinae
673 968 763 1052 pieta
763 968 803 1051 ti,
831 987 912 1051 quae
935 964 1109 1029 Danielem

88 1055 129 1120 de
151 1055 225 1120 lacu
246 1057 379 1122 leonum
403 1057 569 1142 liberavit,
597 1079 653 1122 eos
677 1057 828 1121 similiter
850 1056 990 1120 l1berare
997 1103 1006 1136 ,
1036 1074 1110 1117 con·

48 1144 169 1228 rotigit
199 1149 237 1210 ut
268 1147 380 1231 ipsis
365 1150 491 1213 stantes
523 1108 672 1212 viderent
703 1146 852 1211 homines
882 1143 1041 1228 quosdam
1070 1141 1108 1205 de

87 1255 191 1317 prope
220 1235 423 1320 navigantes.
476 1235 539 1312 Qui
571 1235 678 1318 gavisi
710 1235 851 1299 multum
884 1234 1110 1299 clamaverunt

89 1343 186 1406 super
219 1345 274 1388 eos
311 1324 469 1390 dicentes:
516 1324 555 1390 ‘0
589 1324 794 1389 dilectissimi
826 1323 991 1404 homines,
1027 1341 1109 1404 quos

88 1411 312 1477 misericordia
348 1412 481 1478 deorum
513 1413 701 1478 sublimium
735 1412 776 1478 ad
807 1412 884 1494 hoc,
920 1415 957 1477 ut
990 1431 1051 1475 nos
1089 1431 1109 1474 a

88 1503 194 1564 morte
227 1502 403 1585 eriperent,
376 1503 477 1567 tad
509 1503 595 1567 hunc
626 1503 735 1567 locum
766 1500 908 1565 feliciter
939 1497 1112 1584 pervenire

49 1606 74 1648 ιι
88 1587 249 1673 fecerunt,
221 1591 368 1655 trobis
396 1592 512 1656 intime
540 1591 773 1676 supplicamus,
802 1593 840 1654 ιιι
869 1610 980 1654 amore
1008 1585 1111 1651 divini

87 1679 227 1760 praemii
251 1700 289 1744 ac
310 1680 402 1745 nauli
425 1679 526 1744 vestri
548 1701 609 1744 nos
633 1680 674 1744 ad
697 1700 797 1745 naves
823 1682 951 1743 vestras
975 1675 1111 1759 recipia-

87 1766 132 1830 tis
156 1769 189 1830 et
211 1768 396 1851 perducatis
420 1769 460 1833 ad
490 1772 636 1854 portum,
669 1768 711 1832 ad
738 1788 834 1852 quem
860 1788 919 1831 vos
946 1765 996 1829 ire
1023 1764 1110 1850 cogi·

87 1854 207 1920 tastis'.
244 1855 307 1932 Qui
326 1857 456 1941 quidem
474 1857 622 1923 homines
642 1857 892 1942 supramodum
911 1854 1112 1920 admirantes

90 1965 143 2024 eo,
172 1945 256 2028 quod
286 1946 409 2011 ibidem
433 1946 560 2031 aliquos
588 1947 738 2012 homines
766 1966 932 2028 nunquam
962 1943 1111 2008 viderant

48 2052 75 2093 ro
91 2036 151 2098 aut
181 2033 332 2099 habitare
365 2036 553 2120 credebant,
589 2039 766 2121 coeperunt
798 2034 839 2098 ab
872 2033 914 2098 iis
949 2052 1113 2116 quaerere,

91 2121 232 2207 qualiter
254 2123 375 2188 ibidem
402 2126 638 2208 pervenissent.
680 2124 742 2201 Qui
770 2123 925 2188 timentes
949 2142 1016 2185 non
1040 2140 1110 2184 esse

90 2213 208 2295 tutum,
232 2212 259 2275 si
278 2212 318 2276 iis
338 2217 536 2298 exponerent
554 2215 603 2278 rei
621 2216 735 2297 gestae
753 2213 935 2295 veritatem,
959 2209 1111 2274 dixerunt

90 2299 133 2363 iis
155 2321 214 2382 per
236 2299 323 2366 hunc
346 2301 492 2367 modum:

181 2386 390 2455 ‘Mercatores
414 2391 561 2475 quidam,
584 2390 774 2474 inquorum
793 2391 945 2455 manibus
964 2409 1023 2452 nos
1044 2384 1165 2451 era-24

46 2495 76 2536 au
91 2498 179 2560 mus,
210 2480 407 2561 tempestate
440 2479 549 2544 valida
580 2479 740 2562 compulsi
773 2478 814 2543 ad
843 2479 942 2542 istam
970 2476 1110 2541 insulam

92 2586 166 2629 cum
190 2566 255 2630 suis
279 2568 417 2632 navibus
441 2569 568 2633 noviter
597 2570 827 2651 pervenerunt,
854 2567 911 2651 qui
938 2586 1011 2630 cum
1038 2564 1113 2628 fati-

92 2654 164 2739 gati
191 2676 211 2718 a
238 2654 407 2721 laboribus
436 2661 470 2722 ct
496 2657 783 2742 remigrationibus
806 2655 904 2720 nimis
928 2657 1038 2719 essent
1061 2652 1113 2717 de-

90 2742 313 2808 liberaverunt
340 2745 374 2809 in
402 2747 475 2829 ipsa
501 2747 608 2812 insula
640 2768 698 2830 per
725 2749 856 2811 noctem
888 2742 1113 2844 requiescendi

92 2833 169 2914 grat
170 2830 202 2895 ia
224 2853 423 2915 permanere.
460 2833 594 2920 Nosque
618 2836 657 2900 de
679 2834 867 2900 huiusmodi
889 2832 1074 2917 periculis
1064 2853 1115 2895 ιιι·

45 2939 78 2980 eo
91 2920 239 2984 consueti
263 2942 300 2985 ao
322 2922 440 2987 timore
463 2925 579 2989 mortis
602 2925 700 2990 nimis
724 2922 891 3008 perterriti
916 2943 1011 2986 mane
1039 2943 1113 2986 cum

91 3006 159 3091 ipsi
186 3012 310 3074 mercat
311 3032 383 3074 ores
411 3012 600 3078 recederent
627 3035 680 3099 eo,
709 3013 795 3099 quod
823 3012 909 3077 oculi
936 3011 1042 3075 nostri
1065 3009 1113 3074 ni-

91 3097 195 3160 mium
224 3101 353 3181 gravati
344 3098 523 3186 fuerant,
550 3123 628 3186 prae
655 3103 794 3168 tristitia
820 3100 1037 3167 remansimus
1060 3098 1113 3163 hic

153 3252 263 3307 ·1hiis
288 3257 365 3311 codd.
439 3258 572 3312 3nichil
598 3258 634 3313 F.
715 3265 731 3314 8
758 3257 867 3329 placuit
891 3258 967 3314 codd.
1041 3272 1112 3324 quae

91 3324 208 3404 scripsi,
227 3324 274 3392 qui
290 3328 366 3382 codd.
441 3335 520 3383 teos
535 3331 631 3385 decet
619 3347 651 3384 ιιι
665 3331 742 3385 codd.
817 3335 849 3384 10
863 3328 1114 3395 viderentscripsc‘,

92 3392 223 3448 videntes
247 3399 324 3452 codd
398 3405 431 3454 15
454 3400 579 3455 fecerent
601 3401 645 3469 D,
671 3403 806 3471 oeperunt
828 3401 864 3455 F.
937 3405 972 3454 28
993 3398 1058 3468 ipsa
1074 3397 1115 3465 D,

90 3464 150 3520 ista
169 3465 204 3521 F
278 3474 311 3522 29
332 3484 385 3537 que
405 3487 455 3524 om.
475 3471 511 3525 F
