2356 3846
239 152 493 209 HISTORIARUM
511 152 727 207 ALEXANDRI
745 153 796 219 111,
816 158 840 207 6.
861 158 885 206 7.
1027 151 1067 214 13

52 300 124 362 toto
148 318 281 380 corpore
304 297 476 362 salubritas
499 297 620 381 percipi
642 297 757 381 potuit,
778 295 918 380 primum
941 295 1067 360 animus

52 384 198 469 vigorem
236 407 345 468 suum,
386 386 499 449 deinde
536 407 653 469 corpus
690 406 817 469 quoque
849 384 1068 468 expectatione

53 473 213 538 maturius
235 474 447 555 recuperavit:
471 474 587 558 quippe
610 475 685 557 post
706 473 837 537 tertium
854 473 947 548 diem,
971 493 1067 556 quam

53 561 89 625 in
112 560 175 625 hoc
192 564 281 625 statu
299 561 414 644 fuerat,
435 562 469 625 in
488 565 695 644 conspectum
714 561 854 624 militum
867 562 964 624 venit.
1000 558 1068 623 Nec
1088 579 1119 627 1⁵1

54 649 180 714 avidius
203 649 309 732 ipsum
331 670 440 734 regem
464 672 560 733 quam
575 649 759 732 Philippum
778 649 964 712 intuebatur
983 669 1069 711 exer-

54 737 153 802 citus:
175 759 234 820 pro
258 759 292 801 sc
315 738 449 821 quisque
473 739 617 802 dextram
640 738 708 801 eius
727 737 867 820 amplexi
885 740 993 820 grates
1011 736 1069 799 ha·

54 825 179 890 bebant
196 825 284 890 velut
301 825 464 908 praesenti
487 826 556 890 deo.
590 824 738 909 Namque
760 825 847 888 haud
870 824 963 887 facile
981 824 1068 887 dictu

55 916 114 995 est,
137 916 262 996 praeter
284 914 460 998 ingenitam
483 914 532 977 illi
555 914 644 998 genti
667 934 744 998 erga
765 933 857 997 reges
881 934 956 976 suos
976 933 1069 975 vene·

53 1001 229 1083 rationem,
253 1006 409 1084 quantum
431 1002 526 1066 huius
549 1003 659 1085 utique
682 1002 768 1086 regis
790 1002 841 1066 vel
864 1000 1070 1065 admirationi

54 1088 156 1153 dediti
186 1089 307 1153 fuerint
334 1090 385 1153 vel
412 1091 546 1153 caritate
573 1091 788 1174 flagraverint
832 1088 902 1152 Iam
930 1090 1070 1170 primum
1090 1092 1122 1141 18

53 1177 138 1242 nihil
171 1178 240 1240 sine
272 1177 381 1241 divina
413 1198 472 1260 ope
504 1178 635 1262 adgredi
667 1177 847 1241 videbatur:
888 1198 964 1240 nam
997 1197 1071 1240 cum

53 1267 185 1349 praesto
209 1269 294 1329 esset
316 1265 435 1349 ubique
457 1266 598 1349 fortuna,
620 1266 783 1329 temeritas
802 1265 836 1328 in
852 1265 989 1349 gloriam
1005 1285 1069 1327 ces-

55 1356 152 1418 serat
183 1352 284 1417 Aetas
308 1375 433 1436 quoque
455 1354 509 1417 vix
530 1354 631 1418 tantis
654 1357 782 1417 matura
803 1353 912 1436 rebus,
936 1354 992 1417 sed
1015 1353 1122 1415 ab-19

54 1441 141 1505 unde
170 1440 329 1504 sufficiens
357 1441 466 1506 omnia
489 1443 556 1505 eius
580 1463 679 1526 opera
700 1441 894 1505 honestabat
917 1444 961 1522 et,
989 1461 1070 1524 quae

55 1529 178 1593 leviora
200 1529 312 1592 haberi
330 1530 445 1607 solent,
466 1529 653 1612 plerumque
668 1530 801 1593 militari
816 1530 958 1613 gratiora
971 1529 1070 1612 vulgo

57 1620 148 1698 sunt,
179 1617 364 1682 exercitatio
388 1617 531 1700 corporis
557 1617 641 1680 inter
666 1617 767 1699 ipsos,
800 1618 904 1681 cultus
927 1614 1071 1680 habitus-

57 1725 119 1788 que
142 1705 272 1787 paulum
297 1727 316 1767 a
337 1705 463 1788 privato
486 1705 673 1786 abhorrens,
697 1705 845 1768 militaris
868 1705 973 1789 vigor:
1000 1704 1071 1786 quis
1089 1708 1123 1757 20

57 1791 111 1856 ille
139 1793 201 1855 vel·
217 1792 339 1876 ingenii
368 1793 497 1856 dotibus
524 1793 575 1856 vel
602 1793 701 1855 animi
725 1792 860 1875 artibus,
892 1796 929 1856 ut
950 1794 1072 1875 pariter

59 1901 152 1944 carus
174 1901 212 1946 ac
234 1881 436 1945 venerandus
460 1883 556 1964 esset,
579 1880 736 1944 effecerat.

450 2037 553 2109 ‚Can
575 2038 649 2103 VH.

37 2140 47 2206 l
115 2150 121 2159 '
147 2143 194 2208 At
215 2141 341 2206 Dareus
368 2144 481 2207 nuntio
505 2144 544 2208 de
567 2145 703 2208 adversa
725 2143 903 2208 valitudine
926 2142 995 2208 cius
1020 2165 1070 2207 ao·
1091 2151 1105 2200 1

58 2235 153 2315 cepto
185 2231 364 2313 celeritate,
397 2236 552 2315 quantam
584 2254 698 2315 capere
729 2236 798 2296 tam
828 2253 927 2316 grave
956 2252 1072 2316 agmen

57 2321 198 2405 poterat,
221 2319 262 2383 ad
275 2319 467 2401 Euphraten
489 2321 654 2384 contendit
672 2321 845 2403 iunctoque
863 2341 901 2384 eo
915 2321 1070 2403 pontibus

58 2408 199 2492 quinque
225 2411 335 2471 tamen
362 2407 476 2471 dicbus
499 2408 629 2472 traiecit
651 2409 826 2473 exereitum
850 2406 997 2473 Ciliciam
1020 2429 1070 2471 oc·

58 2517 178 2578 oupare
201 2494 369 2559 festinans.
409 2493 480 2559 lam
503 2495 686 2560 Alexander
707 2497 829 2562 viribus
853 2495 1000 2578 corporis
1022 2517 1072 2559 re·
1091 2505 1106 2553 2

58 2584 163 2666 ceptis
191 2583 232 2646 ad
259 2584 372 2648 urbem
395 2580 490 2648 Solos
517 2588 721 2667 pervenerat:
753 2585 843 2649 ouius
867 2584 992 2667 potitus
1016 2582 1071 2646 du·

59 2671 162 2736 centis
189 2672 321 2735 talentis
343 2671 466 2735 multae
487 2672 617 2736 nomine
640 2672 761 2736 exactis
786 2671 853 2736 arci
874 2669 1072 2753 praesidium
1162 2672 1170 2684 ‘

58 2759 200 2824 militum
231 2759 385 2842 inposuit.
429 2758 518 2823 Vota
549 2759 662 2823 deinde
693 2782 752 2843 pro
784 2759 889 2823 salute
922 2762 1107 2841 suscepta3

58 2870 118 2931 per
140 2847 251 2911 ludum
268 2851 365 2932 atquc
382 2847 484 2912 otium
497 2847 632 2912 reddens
648 2847 797 2931 ostendit,
820 2850 941 2931 quanta
954 2847 1073 2912 fiducia

59 2935 218 3000 barbaros
251 2940 430 3019 sperneret:
468 2936 586 3019 quippe
614 2935 810 3019 Aesculapio
843 2940 876 3000 et
907 2934 1072 3000 Minervae

59 3023 154 3088 ludos
191 3022 374 3088 celebravit.
428 3021 595 3106 Spectanti
628 3024 761 3089 nuntius
791 3024 896 3088 laetus
929 3023 1108 3087 adfertur4

58 3110 291 3175 Halicarnasso
315 3111 431 3176 Persas
455 3112 523 3176 acie
547 3134 566 3176 a
590 3113 656 3176 suis
679 3133 749 3176 esse
773 3115 953 3195 superatos,
978 3112 1073 3194 Myn-

60 3199 131 3264 dios
155 3221 280 3283 quoquc
303 3202 336 3264 et
359 3198 500 3265 Caunios
523 3203 557 3264 et
578 3197 731 3284 pleraque
753 3203 878 3265 tractus
902 3201 971 3264 eius
995 3221 1072 3263 suae

59 3287 149 3351 facta
172 3287 315 3352 dicionis.
352 3287 457 3372 Igitur
480 3288 566 3352 edito
591 3288 773 3371 spectaculo
797 3288 919 3352 ludicro
944 3288 1108 3352 castris-5

61 3397 123 3458 que
152 3375 250 3440 motis
282 3379 314 3440 et
336 3373 477 3458 Pyramo
508 3397 601 3440 amne
630 3380 730 3458 ponte
756 3376 865 3441 iuncto
893 3377 934 3440 ad
961 3377 1073 3441 urbem

60 3462 198 3528 Mallum
220 3463 378 3548 pervenit,
400 3464 475 3528 inde
498 3463 609 3528 alteris
633 3465 749 3529 castris
772 3463 813 3527 ad
837 3464 991 3547 oppidum
1014 3463 1073 3529 Oa·

60 3551 217 3617 tabolum.
251 3551 303 3615 Ibi
319 3552 492 3619 Parmenio
514 3553 590 3642 regi
612 3553 773 3620 securas.
789 3551 1003 3635 praemxssus
1021 3551 1102 3604 aaa&
1116 3564 1141 3603 a
