2356 3846
225 157 478 215 HISTORIARUM
495 156 712 215 ALEXANDRI
729 158 780 229 IV,
801 167 842 214 15.
996 159 1037 224 75

28 326 149 391 agmen
171 326 265 369 suum
287 326 307 368 a
328 307 421 388 tergo
443 302 624 368 dimicantis
647 308 828 387 opponunt:
859 304 1037 388 ingensque

28 394 208 477 periculum
229 393 264 456 in
285 391 391 456 medio
408 391 543 455 haerens
562 390 690 475 adisset,
711 393 746 455 ni
765 393 887 477 equites
900 390 1038 477 Agriani

29 481 208 546 calcaribus
240 479 376 545 subditis
408 479 616 544 circumfusos
648 480 716 563 regi
747 480 901 545 barbaros
927 480 1038 544 adorti

29 573 140 635 essent
168 589 358 653 aversosque
386 566 547 632 caedendo
573 568 608 632 in
635 588 669 631 se
696 568 820 633 obverti
848 568 1037 652 coegissent.

29 657 175 722 Turbata
197 659 266 721 erat
287 661 422 738 utraque
446 655 538 720 acies.
574 654 757 720 Alexander
779 660 812 719 et
834 678 854 720 a
875 656 982 721 fronte
1005 659 1038 719 et
1056 676 1089 724 aa

30 750 166 830 atergo
188 745 314 809 hostem
335 743 484 809 habebat.
526 743 588 819 Qui
611 765 723 808 averso
747 745 775 807 ei
797 744 973 827 instabant,
997 745 1037 808 ab

29 832 185 917 Agrianis
201 832 361 916 equitibus
375 832 616 916 premebantur:
634 831 798 896 Bactriani
811 831 1037 915 inpedimentis

29 921 173 986 hostium
202 920 334 1003 direptis
360 920 479 984 reversi
506 919 633 984 ordines
661 942 736 985 suos
762 941 948 1003 recuperare
970 941 1037 984 non

29 1011 195 1092 poterant:
226 1010 320 1092 plura
342 1008 438 1072 simul
460 1008 598 1091 abrupta
620 1030 639 1071 a
662 1008 776 1072 ceteris
799 1008 942 1092 agmina,
968 1007 1038 1070 ubi·

30 1118 167 1181 cumque
195 1097 293 1161 alium
320 1096 375 1159 alii
403 1096 471 1160 fors
498 1097 683 1179 miscuerat,
714 1096 919 1160 dimicabant.
964 1093 1090 1162 Ducat

29 1205 124 1268 reges
155 1185 271 1249 iunctis
298 1205 399 1267 prope
425 1184 608 1268 agminibus
634 1184 791 1267 proelium
818 1183 1039 1249 accenderant.

29 1270 144 1338 Plures
167 1271 283 1337 Persae
305 1272 475 1353 cadebant,
499 1294 559 1355 par
580 1272 680 1335 ferme
702 1273 862 1356 utrimque
885 1292 1037 1335 numerus
1128 1328 1136 1336 .

30 1360 269 1425 vulnerabatur.
317 1357 419 1424 (lurru
445 1358 584 1443 Dareus,
619 1358 801 1424 Alexander
832 1381 914 1444 equo
945 1359 1037 1424 rahe·
1057 1378 1091 1427 24

30 1448 142 1512 batur:
188 1451 358 1531 utrumque
393 1447 508 1512 delecti
543 1448 717 1512 tuebantur
752 1449 802 1513 sui
837 1448 1038 1530 inmemores,

30 1537 149 1621 quippe
176 1536 294 1600 amisso
321 1556 396 1619 rege
423 1557 482 1600 nec
509 1536 661 1600 volebant
687 1537 768 1600 salvi
794 1558 864 1601 esse
886 1557 945 1600 nec
967 1539 1038 1618 pot-

30 1628 132 1688 erant
176 1622 263 1687 Ante
286 1625 395 1687 oculos
419 1625 469 1688 sui
491 1624 624 1709 quisque
647 1625 733 1708 regis
755 1628 891 1689 mortem
914 1645 1038 1688 oceum-

29 1712 106 1776 bere
135 1711 273 1776 ducebat
301 1712 475 1796 egregium.
518 1711 696 1775 Maximum
724 1715 833 1775 tamen
862 1711 1038 1796 periculum
1058 1730 1091 1779 25

31 1799 179 1884 adibant,
202 1821 283 1884 quos
305 1801 443 1863 maxime
465 1800 652 1864 tuebantur:
680 1801 796 1883 quippe
819 1799 882 1864 sibi
905 1799 1039 1882 quisque

10 1889 118 1953 leaesi
139 1887 226 1973 regis
249 1889 418 1970 expetebat
441 1887 545 1952 decus.
588 1885 746 1970 Ceterum,
770 1889 835 1952 sive
857 1888 938 1952 illud
958 1886 1039 1950 ludi·
1058 1907 1092 1955 26

30 1977 139 2041 brinm
163 1976 327 2041 oculorum
350 1976 417 2040 sire
438 1997 514 2040 vera
537 1976 657 2059 species
680 1975 751 2058 fuit,
773 1975 828 2060 qui
846 1976 930 2039 circa
943 1973 1039 2038 Alex-

31 2064 169 2128 andrum
201 2066 306 2146 crant,
337 2064 455 2128 vidisse
486 2085 521 2128 sa
552 2062 754 2127 crediderunt
783 2064 914 2146 paulum
945 2085 1040 2147 super

30 2156 130 2236 caput
151 2151 237 2237 regis
257 2151 381 2234 placide
399 2152 562 2216 volantem
581 2151 731 2234 aquilam,
752 2172 820 2215 non
837 2173 917 2215 sono
937 2174 1041 2216 armo·

30 2262 117 2322 rum,
148 2261 215 2304 non
242 2239 365 2323 gemitu
390 2239 596 2302 morientium
620 2240 779 2303 territam:
816 2239 932 2323 diuque
956 2241 1040 2304 cirea

31 2349 153 2412 equum
165 2326 340 2392 Alexandri
361 2326 514 2410 pendenti
536 2327 650 2410 magis,
673 2348 770 2411 quam
787 2327 910 2391 volanti
924 2328 1039 2393 similis

31 2415 191 2498 adparuit.
239 2413 333 2480 Certe
359 2417 449 2479 vates
475 2414 667 2479 Aristander
693 2415 767 2478 alba
793 2418 882 2479 veste
909 2415 1039 2481 indutus
1059 2436 1092 2484 27

30 2509 65 2570 et
88 2504 201 2568 dextra
222 2501 404 2587 praeferens
427 2503 570 2566 lauream
591 2503 747 2567 militibus
769 2503 804 2566 in
825 2524 970 2587 pugnam
992 2505 1040 2567 in-

29 2593 132 2656 tentis
155 2612 248 2656 avem
269 2590 479 2674 monstrabat,
500 2590 588 2655 haud
610 2591 742 2655 dubium
764 2591 915 2655 victoriae
934 2593 1040 2674 auspi-

30 2681 127 2745 cium.
162 2678 281 2764 Ingens
303 2699 380 2762 ergo
404 2678 553 2743 alacritas
575 2682 609 2743 et
629 2677 746 2743 fiducia
766 2680 863 2761 paulo
887 2681 960 2743 ante
977 2683 1041 2743 ter-
1059 2699 1092 2748 28

30 2769 114 2833 ritos
145 2767 292 2832 accendit
322 2766 363 2830 ad
394 2787 550 2850 pugnam,
582 2767 693 2850 utique
724 2770 896 2849 postquam
927 2767 1041 2852 auriga

30 2854 142 2938 Darei,
171 2856 232 2940 qui
262 2858 337 2920 ante
368 2855 475 2938 ipsum
506 2855 620 2919 sedens
651 2876 748 2937 equos
775 2856 919 2939 regebat,
946 2855 1041 2920 hasta

30 2943 206 3009 transfixus
233 2947 291 3008 est.
335 2941 403 3007 Nec
430 2945 486 3006 aut
512 2941 628 3006 Persae
655 2946 711 3005 aut
732 2941 922 3007 Macedones
950 2944 1040 3008 dubi-

31 3035 150 3116 tavere,
172 3032 250 3115 quin
272 3033 341 3114 ipse
363 3052 419 3094 rex
442 3034 527 3095 esset
549 3032 680 3095 occisus.
715 3029 804 3114 Ergo
824 3031 953 3114 lugubri
971 3032 1039 3095 ulu·
1060 3049 1098 3098 29.

31 3121 102 3184 latu
124 3124 158 3184 et
179 3120 343 3186 incondito
366 3119 504 3184 clamore
527 3118 711 3203 gemituque
732 3121 835 3182 totam
855 3120 922 3182 fere
940 3119 1041 3183 aciem

33 3208 139 3274 adhuc
178 3229 281 3293 aequo
317 3207 422 3271 Marte
457 3207 670 3291 pugnantium
705 3206 874 3270 turbavere
911 3208 1042 3291 cognati

32 3293 131 3361 Darei
154 3299 188 3360 et
209 3296 373 3380 armigeri:
395 3295 585 3379 laevumque
605 3316 705 3358 cornu
722 3293 757 3357 in
775 3293 886 3378 fugam
903 3295 1041 3359 effusum

33 3385 223 3449 destituerat
253 3405 392 3466 currum,
428 3404 523 3467 quern
555 3405 575 3446 a
606 3382 717 3445 dextra
747 3386 839 3464 parte
868 3383 980 3466 stipati
1006 3383 1041 3446 in

33 3474 175 3538 medium
211 3492 328 3556 agmen
358 3474 554 3555 receperunt.
612 3468 738 3534 Dicitur
769 3471 897 3534 acinace
929 3471 1099 3536 strictam

32 3559 158 3626 Dareus
189 3559 364 3647 dubitasse,
401 3581 445 3626 an
476 3558 575 3649 fugae
610 3559 753 3627 dedecus
776 3559 933 3624 tonsas
956 3555 1074 3613 mama
