2356 3846
339 726 387 826 Q.
417 726 611 810 OURTI
637 725 792 809 RUFI

441 878 695 935 HISTORIARUM

150 1021 663 1121 ALEXANDRI
704 1021 986 1120 MAGNI

400 1191 729 1260 ulonoours

479 1367 590 1423 LIBER
608 1367 656 1423 III.

503 1526 582 1593 Ore.
605 1529 630 1593 I.

21 1728 40 1792 1
148 1720 240 1787 luter
265 1721 343 1786 haec
370 1721 552 1786 Alexander
580 1723 621 1786 ad
648 1722 889 1788 conducendum
916 1744 956 1788 ex
983 1722 1107 1794 Pelo-1

60 1831 206 1894 ponneso
234 1811 369 1875 militem
392 1808 551 1875 Cleandro
578 1833 651 1875 cum
674 1812 810 1895 pecunia
836 1812 935 1875 misso
958 1809 1074 1893 Lyciae

59 1897 334 1983 Pamphyliaeque
364 1899 461 1963 rebus
493 1899 669 1982 conpositis
701 1900 742 1964 ad
772 1900 886 1963 urbem
918 1897 1072 1963 Celaenas

60 1987 234 2050 exercitum
262 1987 412 2051 admovit.
452 1986 560 2051 Media
581 1987 638 2050 illa
659 1990 852 2070 tempestate
875 1986 1003 2050 moenia
1025 1987 1108 2057 ina

60 2074 231 2138 tcrfiuebat
253 2073 397 2157 Marsyas
420 2076 537 2158 amnis,
564 2073 720 2139 fabulosis
743 2073 938 2139 Graecorum
961 2075 1073 2139 carmi·

60 2162 157 2227 nibus
179 2162 318 2226 inolitus.
353 2161 440 2226 Fons
464 2162 531 2227 eius
554 2185 593 2226 ex
615 2184 741 2227 summo
764 2163 886 2227 montis
908 2164 1073 2228 cacumine
1092 2186 1108 2233 3

61 2271 232 2314 excurrens
254 2250 289 2313 in
307 2251 482 2314 subiectam
497 2254 622 2333 petram
635 2271 754 2334 magno
768 2250 905 2334 strepitu
919 2272 1074 2334 aquarum

61 2338 162 2403 cadit:
185 2337 260 2402 inde
283 2338 416 2403 diffusus
434 2339 653 2403 circumiectos
672 2339 759 2422 rigat
771 2361 911 2421 campos,
933 2339 1073 2423 liquidus

61 2429 96 2489 et
127 2447 202 2490 suas
235 2426 401 2490 dumtaxat
429 2427 532 2491 undas
561 2426 703 2492 trahens.
747 2425 861 2511 Itaque
889 2427 978 2490 color
1006 2427 1110 2495 eius4

61 2513 188 2597 placido
216 2514 297 2577 mari
325 2514 438 2578 similis
465 2515 572 2578 locum
598 2518 767 2598 poetarum
794 2515 959 2578 mendacio
983 2514 1073 2577 fecit:

62 2623 182 2754 tlt
197 2603 1109 2774 ,tssltttttnytttnatttdttttttttt

62 2777 142 2860 fluit,
164 2799 283 2842 nomen
306 2801 399 2842 suum
420 2777 550 2843 retinet:
573 2781 608 2841 at
626 2799 699 2842 cum
718 2781 808 2842 extra
825 2777 1026 2842 munimenta
1040 2800 1074 2842 se

64 2867 191 2948 evolvit,
215 2866 335 2930 maiore
357 2866 390 2930 vi
412 2888 449 2932 ac
471 2867 556 2930 mole
579 2869 728 2950 agentem
751 2867 853 2930 undas
876 2865 997 2950 Lycum
1020 2888 1074 2949 ap-

63 2954 195 3037 pellant.
239 2953 422 3019 Alexander
448 2955 576 3040 quidem
599 2955 711 3018 urbem
734 2955 921 3019 destitutam
943 2955 984 3018 ab
1008 2954 1074 3018 suis
1094 2977 1109 3024 o

64 3042 178 3125 intrat,
208 3064 314 3107 arcem
341 3064 430 3126 vero,
456 3044 492 3106 in
514 3064 611 3127 quam
634 3043 859 3128 confugerant,
887 3063 1074 3127 oppugnare

64 3131 197 3194 adortus
229 3131 470 3196 caduceatorem
501 3131 681 3214 praemisit,
711 3133 765 3214 qui
793 3131 1009 3212 denuntiaret,
1039 3131 1075 3194 ni

65 3218 225 3302 dederent,
247 3218 335 3301 ipsos
359 3219 473 3283 ultima
487 3240 558 3284 esse
572 3241 732 3302 passuros.
768 3219 820 3283 llli
834 3219 1075 3283 caduceatorem
1094 3238 1109 3287 7

64 3304 99 3370 in
119 3309 241 3371 turrem
264 3310 297 3370 et
319 3308 383 3371 situ
405 3312 438 3371 et
460 3328 554 3390 opere
576 3307 713 3371 multum
736 3308 855 3371 editam
877 3308 1074 3391 perductum,

64 3398 186 3478 quanta
208 3398 294 3460 esset
316 3395 460 3479 altitudo,
483 3396 601 3459 intueri
623 3395 736 3459 iubent
758 3417 795 3460 ac
813 3396 961 3459 nuntiare
996 3398 1072 3464 Ale-

65 3480 269 3561 xandranou
282 3484 394 3549 eadem
412 3484 522 3570 ipsum
540 3486 576 3550 et
590 3483 720 3552 incolas
737 3483 972 3550 aestimatione
983 3481 1095 3540 mcdx-

107 3593 200 3633 Curtius
212 3596 294 3638 Rufus.
934 3588 958 3631 Χ
