2356 3846
276 148 532 205 HISTORIARUM
549 148 768 204 ALEXANDRI
786 148 834 217 VI,
854 155 879 205 ὅ.
1016 149 1079 213 127

66 293 126 358 der
149 293 309 358 adsuevit:
338 293 468 376 eiusque
491 293 631 358 maxime
653 294 802 377 precibus
825 297 933 358 motus
956 293 1081 358 Nabar-

65 381 141 446 zani
164 381 297 465 ignovit

9 470 53 535 19
155 468 251 552 Erat,
281 471 319 534 ut
350 491 447 552 supra
478 469 599 534 dictum
631 473 697 550 cst,
727 468 911 550 Hyrcaniae
943 470 1082 534 finitima
1100 484 1135 533 24

67 577 149 642 gens
173 556 389 641 Amazonum,
416 558 502 622 circa
529 557 772 623 Thermodonta
798 579 925 622 amnem
953 558 1082 623 Themi·

66 667 180 730 seynae
202 644 413 711 incolentium
441 660 592 729 campos:
625 644 784 730 Reginam
811 645 976 711 habebant
998 646 1081 720 Tha·
1101 660 1135 710 25

66 734 197 818 lestrin,
227 734 378 800 omnibus
408 734 494 799 inter
521 731 700 798 Caucasum
728 737 872 799 montem
900 739 933 798 et
959 734 1083 800 Phasin

67 844 197 887 amnem
214 823 466 905 imperitantem.
503 821 592 886 Haec
610 822 759 906 cupidine
777 822 903 887 visendi
921 823 1007 907 regis
1032 845 1083 887 ac·

68 932 165 976 censa
191 910 311 975 finibus
337 910 431 995 regui
458 910 507 975 sui
531 911 669 975 excessit
691 917 736 994 et,
768 931 841 974 eum
863 910 948 974 haud
971 911 1084 994 procul

69 999 207 1080 abesset,
229 999 398 1082 praemisit
419 998 609 1082 indicantes,
633 999 758 1063 venisse
781 998 928 1081 reginam
947 999 1084 1063 adeundi

69 1087 137 1152 eiua
158 1086 434 1172 cognoscendique
456 1087 592 1151 avidam.
637 1085 789 1151 Protinus
811 1086 899 1151 facta
920 1089 1084 1170 potestate
1103 1104 1137 1153 26

69 1175 228 1256 veniendi,
251 1175 365 1239 ceteris
389 1175 487 1239 iussis
510 1175 696 1259 subsistere,
718 1175 872 1239 trecentis
890 1175 1084 1239 feminarum

68 1263 225 1330 comitata
260 1262 426 1345 processit
479 1261 587 1346 Atque
619 1266 657 1327 ut
684 1264 825 1347 primum
856 1284 913 1327 rex
946 1264 980 1327 in
1013 1285 1084 1329 con·

70 1354 183 1436 spectu
209 1350 285 1435 fuit,
318 1372 399 1434 equo
429 1352 500 1434 ipsa
528 1351 658 1415 desiluit
686 1351 766 1415 duas
793 1352 923 1416 lanceas
951 1351 1084 1416 dextera

69 1439 263 1524 praeferens.
312 1438 423 1503 Vestis
450 1459 517 1502 non
544 1443 615 1502 toto
643 1437 845 1505 Amazonum
872 1440 1001 1524 corpori
1028 1441 1084 1505 ob·
1103 1457 1136 1506 27

69 1527 211 1592 ducitur:
241 1549 319 1592 nam
346 1527 441 1591 laeva
467 1547 543 1609 pars
571 1527 612 1590 ad
639 1532 751 1610 pectus
779 1531 830 1592 est
851 1527 951 1610 nuda,
978 1532 1086 1593 cetera

70 1615 186 1681 deiude
209 1614 368 1680 velantur.
411 1614 481 1680 Nee
503 1617 614 1679 tamen
637 1614 726 1679 sinus
750 1615 858 1699 vestis,
881 1636 977 1700 quem
1000 1617 1084 1680 nodo

70 1704 242 1787 eolligunt,
274 1703 361 1767 infra
388 1721 495 1787 genua
521 1701 694 1768 descendit.
743 1701 857 1767 Altera
888 1704 1013 1787 papilla
1040 1705 1086 1768 in·
1103 1723 1138 1774 28

69 1796 160 1858 tacta
196 1796 356 1874 servatur,
383 1813 457 1875 qua
494 1790 662 1855 muliebris
699 1804 795 1861 sexus
826 1790 947 1856 liberos
981 1792 1085 1856 alant:

70 1880 217 1945 aduritur
244 1879 389 1961 dextera,
419 1881 459 1942 ut
485 1899 578 1943 arcus
605 1878 734 1943 facilius
761 1879 932 1944 intendant
959 1885 992 1943 et
1018 1880 1087 1943 tela

69 1969 209 2035 vibrent.
261 1967 415 2032 Interrito
453 1967 545 2032 vultu
580 1987 690 2051 regem
723 1966 905 2032 Thalestris
937 1967 1084 2031 intueba·
1104 1989 1137 2037 29

70 2061 139 2140 tur,
167 2057 317 2121 habitum
347 2056 414 2120 eius
437 2054 687 2138 haudquaquam
710 2077 817 2119 rerum
840 2054 945 2119 famae
973 2077 1086 2137 parem

70 2145 173 2212 oculis
205 2145 418 2228 perlustrans:
451 2144 570 2227 quippe
599 2143 748 2208 omnibus
776 2142 924 2207 barbaris
956 2144 991 2207 in
1020 2165 1085 2208 cor-

69 2255 188 2318 porum
210 2233 381 2297 maiestate
403 2231 568 2295 veneratio
597 2233 647 2294 est
674 2250 930 2315 magnorumque
953 2253 1086 2314 operum

69 2344 138 2387 non
167 2321 249 2386 alios
280 2340 413 2403 capaces
440 2321 571 2402 putant,
600 2340 698 2402 quam
725 2339 806 2402 quos
834 2320 952 2383 eximia
978 2320 1085 2404 specie

70 2411 191 2475 donare
212 2412 330 2472 natura
348 2407 483 2492 dignata
501 2410 560 2470 est.
606 2405 757 2472 Ceterum
775 2407 985 2491 interrogata,
1007 2430 1085 2472 num
1105 2429 1139 2477 30

70 2497 196 2582 aliquid
213 2501 325 2581 petere
343 2497 449 2577 vellet,
466 2494 553 2559 haud
572 2494 735 2560 dubitavit
746 2495 843 2560 fateri
857 2496 898 2560 ad
912 2497 1086 2560 communi-

46 2585 191 2652 'eaudos
213 2606 286 2649 cum
313 2602 390 2669 rege
418 2583 539 2648 liberos
563 2584 762 2665 sevenisse,
788 2583 934 2667 dignam,
962 2604 1001 2646 ex
1024 2605 1087 2666 qua

70 2677 141 2759 ipse
164 2674 257 2758 regni
279 2675 450 2757 generaret
471 2670 619 2736 heredes:
642 2671 791 2735 feminini
813 2692 907 2735 sexus
927 2692 961 2734 se
979 2676 1085 2735 reten-

70 2769 194 2846 turam,
217 2783 340 2826 marem
362 2759 563 2826 reddituram
585 2759 680 2842 patri.
726 2758 923 2839 Alexander,
948 2780 990 2822 an
1014 2780 1087 2823 cum

70 2853 144 2935 ipso
168 2850 311 2916 militare
333 2850 445 2931 vellet,
472 2849 662 2933 interrogat.
706 2847 752 2912 Et
773 2848 832 2912 illa
853 2853 995 2931 causata,
1017 2848 1087 2912 sine
1106 2869 1139 2918 31

71 2939 207 3005 custode
229 2958 366 3022 regnum
387 2937 570 3020 reliquisse,
592 2940 703 3020 petere
726 2935 967 3020 perseverabat,
989 2958 1030 3000 ne
1053 2959 1088 3001 se

71 3029 207 3094 inritam
248 3028 318 3109 spei
355 3025 446 3090 abire
481 3027 656 3108 pateretur,
714 3027 831 3091 Acrior
867 3024 907 3089 ad
939 3046 1087 3089 venerem
1106 3045 1140 3095 32

70 3117 223 3183 feminae·
236 3114 352 3198 cupido
372 3136 470 3198 quam
487 3113 584 3197 regis,
606 3117 644 3178 ut
662 3135 783 3198 paucos
802 3114 868 3178 dies
888 3113 1088 3196 subsisteret,

71 3205 226 3291 perpulit.
275 3222 340 3268 x111
372 3203 440 3267 dics
467 3203 503 3267 in
535 3202 727 3286 obsequium
760 3202 911 3268 desiderii
938 3202 1006 3267 eius
1034 3203 1088 3267 aa

72 3294 195 3380 sumpti
219 3296 304 3359 sunt.
345 3291 430 3357 'Pum
453 3292 511 3356 illa
534 3309 670 3374 regnum
689 3313 791 3377 suum,
812 3313 869 3356 rex
891 3290 1087 3357 Parthienen

69 3383 266 3471 petiverunt.
