2356 3846
267 151 522 208 HISTORIARUM
539 153 755 210 ALEXANDRI
773 155 820 218 VI,
840 163 863 210 1.
1009 157 1073 222 115

59 297 115 362 bns
137 297 289 380 conpressi
310 297 436 362 uiatores
457 299 636 363 extiterant:
660 304 688 364 et
708 301 754 364 rei
776 300 848 366 bene
866 301 1074 382 patresano

57 386 165 469 aiam,
188 387 243 468 qni
264 388 420 468 anparere
441 387 592 452 mentibus
611 388 772 469 fortanam
793 395 1012 473 spectaverant,
1036 391 1073 454 in

57 474 228 539 soniam
249 493 354 539 eornm
370 476 521 556 pertracti
541 480 624 540 eant.
673 476 745 542 Una
766 498 803 542 ea
819 478 908 543 Eleis
925 478 1072 544 Actaeis·

57 583 115 644 qne
136 562 264 628 nrbrbns
285 560 407 628 Pellene
431 563 539 643 foedus
564 565 788 646 aspernabatur
815 571 845 630 et
874 568 909 631 in
931 565 1072 632 Areada

56 650 273 734 Mepotapotis,
296 651 363 733 fida
383 651 605 718 Mooedonibue
626 653 663 716 ab
680 652 822 736 Pbitrppi
838 656 1028 733 manarum,
1050 677 1072 720 a

56 759 117 821 aaa
139 739 291 821 bmefiaiie
316 740 437 820 adfeata
456 740 569 821 fuerat.
610 740 673 806 Sed
692 741 765 806 bueo
787 747 853 806 arte
874 744 1072 808 arenmsessa

57 827 144 893 band
159 828 270 910 nont
291 828 441 893 deditione
462 827 576 911 abant,
597 831 661 894 nisi
679 831 802 894 tandem
819 831 987 912 Antipater
1004 832 1072 896 snb

57 917 194 982 venibat.
230 915 268 981 Is
282 921 445 998 postquam
462 921 565 981 aena
583 918 692 982 eastris
705 919 833 982 eontulit
844 939 932 1000 seque
943 940 1071 985 nnmero

57 1005 195 1069 militnm
212 1005 333 1086 alioque
349 1009 505 1086 apparata
517 1007 704 1087 superiorem
717 1008 878 1088 conspexit,
895 1027 989 1089 paam
1001 1010 1071 1088 pri·

57 1112 145 1157 mnm
166 1093 203 1157 de
223 1112 347 1158 ennena
368 1112 473 1157 romam
493 1094 613 1175 praetio
637 1095 810 1159 contendere
831 1097 950 1159 statnit:
979 1117 1073 1178 noane

57 1182 295 1247 Lnedoenonn·
325 1182 521 1245 detrectavere
549 1178 708 1247 oertamen.
757 1183 813 1247 Ita
839 1184 1001 1247 commissa
1028 1189 1073 1249 est

52 1289 172 1357 pnpna,
189 1289 267 1350 qnae
284 1288 349 1333 rem
367 1268 559 1350 Spartanam
576 1272 725 1335 maiorem
741 1271 778 1335 in
795 1273 919 1336 modam
937 1273 1071 1353 adflixit.

59 1357 138 1423 anm
155 1358 238 1421 enim
255 1358 408 1439 anpn'stiis
428 1358 568 1440 tooornm,
590 1360 627 1422 in
644 1359 754 1440 pnibns
770 1360 979 1443 pnpnabatnr,
1001 1381 1071 1425 oon·

58 1447 123 1529 pisi,
149 1445 203 1510 nbi
224 1445 304 1510 boeti
323 1445 447 1511 nniterm
469 1446 678 1511 rnnltitadinie
699 1467 791 1512 neam
811 1449 954 1529 fntnrnm
975 1450 1072 1514 erede·

58 1535 146 1617 bont,
172 1533 311 1598 animose
336 1535 486 1616 anparai
512 1539 610 1598 essent
630 1555 726 1616 neqne
747 1536 930 1602 Mandanes
951 1538 1072 1620 inpipre

58 1624 241 1701 renarint,
264 1621 397 1687 mattam
418 1623 582 1704 sanpninis
602 1623 710 1703 fusam
732 1629 783 1688 eet.
829 1623 890 1689 Sed
905 1630 1072 1707 postquam

58 1710 227 1792 Antipater
243 1711 395 1793 intepram
412 1710 540 1775 subinde
555 1730 685 1775 marram
704 1711 911 1777 laborantibus
923 1715 990 1777 sare
1002 1714 1071 1778 snb

58 1800 139 1865 sidio
165 1798 317 1881 mittebat,
343 1799 470 1880 inpulsa
496 1798 809 1864 Lacedaemoniorum
835 1801 914 1864 aaa
937 1803 1072 1882 prodam

54 1887 216 1970 pantetper
245 1887 370 1952 rettntit.
422 1886 511 1967 Quod
535 1888 727 1969 conspicatus
752 1889 832 1970 Apis
861 1907 929 1952 anm
955 1888 1072 1954 cohorte

58 1977 153 2065 repta,
176 1995 256 2058 qnae
276 1995 314 2041 ea
333 1974 515 2056 fortissimis
536 1976 701 2055 mnstabat,
723 1995 754 2041 ee
776 1979 812 2040 in
829 1977 965 2039 medinm
983 2023 991 2039 .
1010 2025 1018 2041 .
1037 2025 1071 2042 ..

501 2131 580 2196 One.
603 2134 628 2196 I.

25 2239 42 2302 1
59 2260 243 2325 ...pugnae
256 2235 429 2303 discrimen
443 2237 569 2301 inmisit
582 2236 856 2321 obtruncat-isque,
870 2239 926 2322 qui
940 2259 1071 2323 promp-
1091 2255 1105 2305 1

58 2329 126 2393 tius
161 2326 370 2410 resistebant,
402 2345 556 2409 magnam
588 2328 714 2408 partem
746 2324 889 2390 hostium
920 2328 1071 2409 propulit

58 2414 243 2499 Coeperant
264 2413 376 2498 fugere
398 2413 538 2478 victores
561 2416 602 2491 et,
626 2413 727 2478 donee
750 2413 875 2478 andins
900 2418 1070 2496 sequentes
1089 2431 1106 2480 2

58 2505 93 2569 in
117 2504 254 2588 planum
278 2502 444 2584 deduxere,
467 2501 566 2566 inulti
588 2500 759 2565 cadebant:
792 2501 848 2565 sed
870 2505 908 2565 ut
930 2504 1072 2585 primum

61 2589 172 2675 laeua,
189 2592 226 2656 in
248 2612 312 2676 quo
335 2593 421 2655 stare
438 2593 585 2674 possent,
608 2588 679 2673 fuit,
703 2589 812 2672 aequis
831 2588 953 2652 viribus
977 2589 1071 2653 dimi·

59 2685 170 2746 catum
197 2683 257 2746 eet
305 2678 396 2743 Inter
424 2699 537 2744 omnes
568 2681 680 2742 tamen
707 2676 981 2742 Lacedaemonios
1014 2694 1105 2743 rere

60 2769 236 2853 eminebat,
258 2788 323 2832 non
346 2787 512 2832 armorum
534 2766 631 2831 modo
656 2769 689 2830 et
707 2765 851 2848 eorporis
876 2763 992 2849 speeie,
1015 2765 1071 2829 sed

61 2857 163 2922 etiam
186 2855 411 2940 magnitudine
434 2855 552 2937 animi,
579 2876 642 2938 quo
665 2874 730 2918 uno
754 2853 840 2918 vinei
865 2873 932 2916 non
954 2853 1071 2937 potuit

57 2944 212 3029 Undique
225 2966 310 3010 nune
324 2944 514 3026 comminus,
528 2964 614 3007 nune
627 2943 752 3006 eminus
766 2941 939 3025 petebatur
953 2940 1071 3024 diuque
1089 2949 1108 2997 4

58 3054 152 3099 arma
168 3033 394 3099 emeumferens
418 3032 485 3096 alia
505 3031 573 3096 tela
595 3030 699 3116 clipeo
723 3031 914 3114 excipiebat,
937 3051 1072 3113 corpore

58 3122 126 3188 alia
139 3122 281 3187 vitabat:
299 3121 401 3185 donee
418 3120 515 3184 hasta
532 3118 655 3183 femina
673 3119 820 3203 perfossa
838 3118 980 3203 plurimo
1001 3139 1072 3182 san-

57 3211 158 3298 guine
186 3211 287 3274 effuso
316 3209 490 3274 destituere
512 3211 721 3292 pugnantem.
765 3207 855 3292 Ergo
884 3206 988 3292 clipeo
1012 3221 1106 3272 suot

58 3302 230 3383 exeeptum
253 3297 407 3382 armigeri
430 3297 553 3380 raptim
575 3297 610 3360 in
633 3300 740 3360 eastra
758 3295 952 3378 referebant,
973 3295 1071 3360 iaeta-

57 3388 183 3453 tionem
205 3386 376 3452 vulnerum
394 3384 481 3451 haud
499 3384 594 3450 faeile
613 3386 817 3450 tolerantem.
861 3382 938 3449 Non
961 3386 1071 3447 tamen
1090 3399 1106 3448 6

58 3474 199 3541 omisere
211 3474 459 3540 Lacedaemonii
473 3494 617 3558 pugnam
633 3476 675 3556 st,
689 3476 727 3537 ut
740 3473 881 3557 primum
895 3471 959 3536 sibi
973 3492 1072 3553 quam

58 3563 148 3629 hosti
171 3563 357 3647 aequiorem
381 3563 491 3630 laeum
514 3583 632 3650 sapere
652 3563 850 3649 potuerunt,
867 3558 1022 3622 teneatis
1041 3573 1094 3612 ex·

911 3658 950 3708 Q*
