2356 3846
261 169 518 227 HISTORIARUM
536 170 750 226 ALEXANDRI
767 170 829 242 VII,
848 176 872 226 5.
1013 171 1077 237 165

64 313 174 380 ceteri.
215 313 288 380 Hoc
309 313 405 379 modo
429 317 522 379 sexto
546 313 674 379 demum
696 314 748 380 die
770 315 805 379 in
827 315 980 382 ulteriore
1005 317 1077 401 ripa

64 407 172 469 toturn
196 403 370 469 exercitum
393 402 550 486 exposuit

10 494 54 558 22
154 490 289 576 Iamque
314 490 355 556 ud
381 490 638 575 persequendum
660 490 796 556 Bessum
822 496 982 557 statuerat
1003 515 1075 577 pro·
1096 514 1128 561 19

65 578 171 664 gredi,
202 601 275 646 cum
307 601 359 663 ea,
391 601 473 663 quae
501 580 537 643 in
564 577 734 663 Sogdianis
763 583 867 664 erant,
899 583 1076 667 cognoscit

65 667 274 753 Spitamenes
291 671 361 733 erat
383 668 467 732 inter
486 688 597 733 omnes
616 667 737 732 amicos
760 669 932 752 praecipuo
954 670 1076 735 honore

66 757 172 822 cultus
204 779 225 822 a
251 756 368 840 Besso,
400 755 456 822 sed
486 754 585 821 nullis
614 756 739 820 meritis
767 757 903 840 perfidia
932 759 1076 842 mitigari

64 848 187 929 potest:
214 866 296 928 quae
323 847 433 909 tamen
460 844 527 908 iam
549 844 655 910 minus
678 844 713 909 in
736 865 774 909 eo
796 845 905 909 invisa
927 867 998 910 esse
1020 868 1076 929 po·
1095 867 1129 916 ao

64 936 162 1017 terat,
180 933 258 1018 quia
268 933 351 998 nihil
367 933 426 996 ulli
439 932 604 998 nefastum
622 933 656 997 in
669 932 816 1016 Bassum,
834 934 1077 999 interfectorem

65 1023 154 1106 regis
177 1022 240 1106 sui,
262 1021 443 1087 videbatur.
483 1021 612 1086 Titulus
635 1020 774 1087 facinori
799 1023 962 1104 speciosus
986 1044 1076 1105 prae-

64 1110 244 1194 ferebatur,
271 1110 414 1175 vindicta
440 1108 553 1175 Darei:
586 1108 641 1173 sed
669 1109 847 1192 fortunam,
878 1131 945 1174 non
973 1111 1076 1176 scelus

65 1199 180 1263 oderat
201 1197 304 1263 Bessi.
348 1197 496 1282 Namque
524 1203 561 1263 ut
583 1197 804 1263 Alexandrum
830 1199 950 1263 flumen
973 1197 1076 1264 Oxum
1096 1221 1128 1269 m

66 1307 237 1370 superarse
258 1287 424 1372 coguovit,
446 1284 689 1369 Dataphernem
712 1289 745 1350 et
768 1284 936 1369 Catonem,
959 1287 1076 1371 quibus

66 1399 85 1441 a
108 1375 211 1440 Besso
239 1376 381 1439 maxima
402 1373 482 1439 fides
504 1374 698 1457 habebatur,
721 1375 754 1439 in
778 1376 967 1440 societatem
991 1375 1076 1459 cogi-

64 1466 155 1529 tatae
172 1463 220 1527 rei
243 1463 402 1527 adsciscit.
441 1462 498 1526 Illi
520 1462 701 1546 promptius
725 1462 844 1527 adsunt
866 1485 963 1546 quam
986 1484 1078 1548 roga-

65 1554 198 1636 bantur,
222 1550 464 1634 adsumptisque
487 1569 550 1614 vm
572 1550 760 1614 fortissimis
783 1551 954 1616 iuvenibus
978 1553 1077 1617 talem

66 1641 178 1707 dolum
208 1638 388 1704 intendunt.
439 1636 640 1722 Spitamenes
673 1639 782 1722 pergit
813 1638 853 1703 ad
879 1638 1016 1704 Bessum
1045 1644 1078 1705 et
1096 1661 1129 1708 aa

65 1729 202 1794 remotis
230 1727 362 1792 arbitris
392 1728 574 1811 conperisse
597 1727 645 1792 ait
672 1747 719 1808 se,
746 1725 895 1791 insidiari
923 1728 952 1791 ei
977 1725 1077 1792 Data·

65 1817 212 1902 phernen
240 1819 273 1881 et
300 1813 457 1899 Satenen,
486 1818 524 1879 ut
550 1815 659 1879 vivum
688 1814 872 1879 Alexandro
904 1816 1078 1898 traderent,

66 1906 245 1991 agitantes:
277 1925 298 1968 a
325 1907 428 1969 semet
456 1906 629 1987 occupatos
656 1924 726 1967 esse
753 1908 781 1968 et
807 1903 934 1967 vinctos
966 1905 1077 1968 teneri.

65 1994 188 2059 Bessne
214 1996 308 2057 tanto
334 1992 465 2074 merito,
497 1995 534 2056 ut
561 1990 728 2074 credebat,
760 1991 922 2075 obligatus
955 1993 1076 2075 partim
1096 2013 1130 2062 23

66 2081 191 2166 gratias
219 2081 301 2166 agit,
328 2080 449 2165 partim
476 2079 589 2145 avidus
617 2078 766 2162 explendi
790 2079 939 2163 supplicii
964 2079 1077 2146 adduci

66 2192 122 2236 eos
149 2169 249 2236 iubet.
294 2167 347 2232 Illi
369 2169 520 2232 manibus
544 2190 602 2233 sua
625 2172 739 2252 sponte
765 2167 911 2251 religatis
935 2191 954 2232 a
978 2169 1077 2251 parti-
1096 2189 1130 2237 24

66 2259 193 2344 cipibus
217 2257 343 2322 consilii
365 2257 588 2322 trahebantur.
628 2254 716 2332 Quos
739 2255 857 2321 Bessus
881 2256 963 2320 truci
986 2258 1078 2321 vultu

65 2347 197 2413 intuens
221 2344 390 2430 consurgit
413 2346 563 2410 manibus
586 2366 654 2410 non
680 2348 928 2428 temperaturus.
969 2344 1078 2429 Atque

66 2436 117 2501 illi
145 2435 353 2501 simulatione
381 2435 502 2499 omissa
529 2432 771 2498 circumsistunt
799 2454 872 2497 eum
900 2436 933 2497 et
955 2432 1079 2498 frustra

66 2527 303 2609 repugnantem
326 2523 473 2587 vinciunt
494 2522 628 2606 derepto
651 2542 689 2586 ex
712 2520 819 2605 capite
842 2521 933 2605 regni
955 2521 1078 2605 insigni

66 2614 274 2696 lacerataque
309 2614 412 2694 reste,
448 2633 545 2696 quam
576 2630 593 2674 e
626 2609 738 2692 spoliis
775 2609 873 2674 occisi
905 2609 993 2692 regis
1030 2609 1078 2673 in-

66 2702 190 2767 duerat.
225 2698 286 2764 Ille
309 2698 386 2764 deos
410 2700 461 2765 sui
483 2697 613 2764 sceleris
632 2698 755 2764 ultores
775 2696 887 2767 adesse
901 2697 1076 2761 >confessus
1096 2716 1130 2766 25

67 2789 200 2872 adiecit,
227 2808 294 2853 non
314 2786 423 2852 Dareo
450 2787 579 2870 iniquos
607 2785 722 2870 fuisse,
749 2806 844 2870 quem
873 2786 932 2872 sic·
946 2785 1079 2851 ulcisce-

67 2883 194 2962 rentur,
217 2875 273 2941 sed
295 2875 482 2940 Alexandro
504 2874 664 2958 propitios
688 2895 771 2956 esse,
794 2873 885 2938 cuius
907 2873 1078 2938 victoriam

67 2987 197 3051 semper
222 2965 321 3029 etiam
348 2963 459 3029 hostes
488 2962 696 3028 adiuvissent.
737 2960 911 3027 Multitudo
940 2983 982 3026 an
1011 2963 1079 3027 vin·
1097 2982 1132 3030 ae

68 3054 217 3121 dicatura
247 3051 386 3118 Bessum
416 3051 528 3134 fuerit,
560 3052 718 3116 incertum
747 3054 810 3127 est,
838 3049 903 3116 nisi
930 3050 993 3134 illi,
1025 3051 1080 3135 qui

66 3143 251 3225 vinxerant,
270 3141 361 3208 iussu
374 3139 553 3205 Alexandri
570 3140 685 3204 fecisse
700 3139 789 3220 ipsos
804 3139 951 3204 ementiti
964 3139 1079 3204 dubios

67 3231 174 3297 adhuc
188 3229 288 3296 animi
302 3229 502 3294 terruissent.
524 3227 563 3292 In
577 3249 694 3312 equum
708 3227 885 3312 inpositum
895 3226 1080 3292 Alexandro
1132 3308 1137 3312 .

67 3319 221 3386 madituri
243 3318 373 3383 ducunt

14 3408 57 3475 23
157 3407 248 3474 Inter
265 3406 347 3472 haee
364 3425 434 3489 rex,
452 3404 570 3489 quibus
589 3407 719 3469 matura
737 3407 807 3469 erat
825 3404 951 3482 missio,
969 3402 1080 3466 electis
1099 3421 1132 3468 ar

66 3512 179 3565 nocco
210 3495 279 3561 fere
310 3495 389 3560 bina
420 3493 543 3559 talenta
578 3493 683 3584 equiti
713 3492 827 3576 dedit,
849 3491 963 3573 pediti
991 3493 1099 3548 tersa

65 3585 233 3651 denarium
264 3583 374 3672 milia,
407 3583 641 3672 monitusque,
668 3581 876 3651 obtineres
906 3565 1133 3654 Quaererem,
