2356 3846
237 190 492 258 HISTORIARUM
510 189 727 245 Annxsnnsl
745 189 792 258 VI,
811 196 836 245 2.
856 195 881 244 3.
1005 189 1069 254 119

55 338 163 422 pylos,
185 335 315 401 condita
337 358 357 400 a
380 333 525 400 Graecis:
550 333 597 398 ibi
626 333 745 398 stativa
767 355 824 398 rex
847 333 963 399 habuit
985 355 1070 399 conr·

55 425 217 490 meatibus
231 424 373 508 undique
388 423 540 488 advectis,
575 420 689 506 Itaque
703 443 830 505 rumor,
842 424 940 488 otiosi
954 423 1070 487 militis

55 515 189 597 vitium,
223 513 292 577 sine
324 515 455 576 auctore
487 510 705 594 percrebruit,
738 531 849 596 regem
882 515 1071 576 contentum

56 601 166 680 rebus,
194 622 274 685 quas
299 599 465 684 gessisset,
492 599 527 662 in
548 597 773 662 Macedoniam
794 600 943 682 protinus
966 599 1072 665 redire

57 689 221 755 statuisse.
257 687 452 753 Discurrunt
469 686 649 771 lymphatis
669 687 790 751 similes
808 688 845 751 ia
861 689 1072 753 tabernacula
1093 701 1124 751 16

57 782 92 842 et
112 778 224 843 itineri
247 777 389 842 sarcinas
412 778 539 859 aptant:
567 774 697 859 signum
719 775 831 840 datum
855 776 1014 860 crederes,
1035 780 1073 841 ut

56 887 135 931 vasa
150 865 341 949 colligerent
358 865 438 930 totis
458 863 583 930 castris.
618 862 791 927 Tumultus
809 863 886 928 hine
904 864 1072 929 contuber-

56 955 148 1019 nales
168 975 244 1018 suos
262 953 504 1037 requirentium,
520 951 596 1016 hinc
615 953 818 1017 onerantium
837 952 984 1036 plaustra
1000 974 1072 1036 per-

56 1042 173 1107 fertur·
187 1040 228 1107 ad
250 1061 370 1126 regem.
414 1039 570 1105 Fecerant
592 1039 688 1104 fidem
716 1041 838 1105 rumori
861 1045 984 1106 temere
1005 1042 1073 1106 vul·
1093 1056 1125 1104 rr

58 1134 137 1216 gato
161 1128 277 1194 Graeci
298 1129 420 1194 milites
441 1128 545 1193 redire
567 1129 648 1193 iussi
671 1129 799 1212 domos,
822 1149 960 1213 quorum
983 1129 1074 1214 equi-

50 1212 148 1283 ‘tibus
173 1217 312 1303 singulis
341 1217 507 1282 denarium
533 1238 612 1281 sena
639 1217 743 1301 milia,
769 1218 923 1300 peditibus
949 1218 1074 1300 sicquid

57 1308 183 1372 dederat
203 1307 311 1371 milia:
337 1305 417 1390 ipsis
440 1325 566 1393 quoque
588 1305 686 1369 finem
709 1305 848 1370 militiae
872 1305 984 1370 adesse
1008 1327 1073 1370 cre-

57 1395 188 1460 debant.
228 1393 326 1458 Haud
350 1415 441 1458 secus
460 1414 557 1476 quam
576 1414 635 1476 par
654 1397 723 1457 erat
740 1394 884 1478 territus,
902 1395 958 1478 qui
974 1394 1071 1459 Indos
1093 1410 1125 1459 18

58 1489 157 1567 atque
179 1482 297 1547 ultima
319 1479 462 1547 Orientis
484 1501 657 1564 peragrare
686 1483 868 1561 statuisset,
894 1482 1075 1565 praefectos

59 1571 226 1655 copiamm
253 1571 288 1634 in
310 1569 509 1653 praetorium
533 1569 696 1634 contrahit
720 1569 908 1654 obortisque
931 1571 1074 1635 lacrimis

59 1681 99 1723 ex
121 1658 229 1724 medio
253 1658 375 1742 gloriae
399 1657 507 1741 spatio
530 1658 675 1722 revocari
698 1680 731 1722 se
754 1659 834 1723 victi
852 1659 958 1743 magis
978 1680 1075 1742 quarn

59 1747 194 1812 victoris
211 1746 379 1812 fortunam
396 1745 431 1809 in
447 1744 591 1828 patriam
604 1745 783 1810 relaturum
802 1752 996 1830 conquestus
1013 1749 1075 1831 est:

58 1856 119 1899 nec
137 1835 201 1900 sibi
219 1834 386 1918 ignaviam
404 1833 547 1898 militum
566 1834 706 1916 obstare,
725 1834 781 1898 sed
800 1834 895 1898 deum
911 1834 1076 1917 invidiam,
1096 1849 1129 1898 19

60 1925 116 2008 qui
141 1922 332 1988 fortissimis
360 1922 438 1986 viris
470 1921 614 1986 subitum
645 1923 770 2006 patriae
798 1922 993 1987 desiderium
1021 1921 1076 1987 ad·

60 2012 252 2094 movissent,
278 2011 376 2093 paulo
406 2013 483 2093 post
510 2010 546 2074 in
567 2011 701 2074 eandem
731 2032 804 2076 cum
832 2011 954 2074 maiore
981 2010 1076 2076 laude

58 2100 210 2184 famaque
236 2098 396 2163 redituris.
440 2097 524 2162 Tum
546 2119 621 2163 vero
644 2118 703 2181 pro
728 2119 762 2162 se
785 2099 920 2182 quisque
943 2119 1077 2182 operam
1095 2114 1129 2163 20

59 2205 155 2253 suam
187 2187 316 2268 offerre,
346 2185 543 2250 difficillima
575 2206 719 2270 quaeque
749 2207 895 2270 poscere,
930 2187 1077 2271 polliceri

58 2276 203 2340 militum
225 2295 352 2357 quoque
374 2273 580 2356 obsequium,
608 2273 636 2337 si
663 2273 788 2338 animos
817 2295 927 2339 eorum
954 2275 1077 2341 leniet

60 2367 140 2447 apta
157 2362 305 2428 oratione
323 2361 522 2445 permulcere
540 2361 712 2426 voluisset:
729 2384 907 2447 numquam
921 2364 1076 2430 infractos
1095 2380 1128 2429 21

60 2455 94 2518 et
121 2450 266 2516 abiectos
290 2449 475 2532 recessisse,
503 2449 653 2533 quotiens
680 2450 783 2533 ipsius
812 2451 1016 2516 alacritatem
1044 2456 1077 2517 et

59 2539 149 2605 tanti
163 2538 264 2604 animi
278 2537 412 2622 spiritus
426 2537 555 2601 haurire
572 2538 765 2620 potuissent.
802 2537 854 2603 Ita
868 2560 902 2602 se
915 2538 1076 2604 facturum

61 2650 133 2694 esse
165 2625 346 2709 respondit:
382 2625 434 2690 illi
465 2624 562 2690 modo
594 2625 686 2709 vulgi
719 2647 813 2691 aures
845 2633 1078 2710 praepararent

61 2716 136 2782 sibi.
172 2713 322 2799 Satisque
341 2713 504 2797 omnibus,
527 2734 609 2798 quae
632 2714 667 2777 in
689 2734 758 2777 rem
781 2714 973 2779 ridebantur
997 2737 1077 2800 esse,

61 2803 240 2889 conpositis
261 2802 372 2869 vocari
395 2802 435 2866 ad
458 2803 643 2866 contionem
665 2803 843 2870 exercitum
864 2803 969 2888 iussit,
992 2804 1077 2889 apud

35 2922 39 2931 ·
61 2914 160 2978 quem
181 2892 282 2957 talem
304 2889 485 2957 orationem
507 2890 635 2956 habuit:

490 3047 570 3116 One.
592 3049 651 3114 III.
691 3109 695 3117 .

29 3143 66 3225 'l¹
153 3156 425 3241 ‘Magnitudinem
442 3178 565 3242 rerum,
585 3179 664 3242 quas
684 3155 858 3242 gessimus,
877 3155 1013 3240 milites,
1030 3156 1077 3221 in·
1097 3174 1111 3223 1

60 3246 231 3313 tuentibus
246 3246 338 3312 vobis
354 3246 487 3311 minime
501 3245 620 3310 mirum
635 3248 685 3310 est
703 3244 738 3309 et
751 3243 943 3310 desiderium
958 3244 1077 3330 quietis

62 3340 98 3400 et
124 3335 311 3400 satietatem
334 3335 458 3418 gloriae
481 3354 655 3399 occurrere.
700 3332 748 3399 Ut
771 3333 920 3398 omittam
938 3331 1112 3417 Illyrioss

62 3422 244 3506 Triballos,
274 3422 463 3506 Boeotiam,
494 3421 684 3504 Thraciam,
722 3419 889 3504 Spartam,
920 3420 1078 3505 Achaeos,
1161 3421 1165 3428 '

62 3511 337 3598 Peloponnesum,
365 3531 502 3596 quorum
529 3509 595 3575 alia
620 3509 724 3576 ductu
741 3530 840 3591 meo,
856 3509 930 3572 ahia
943 3509 1093 3584 impexis
1105 3524 1132 3565 s

59 3599 266 3683 auspicioque
276 3599 463 3690 perdomui,
482 3622 569 3691 ecce,
588 3599 811 3670 orsibeltum
819 3587 1133 3665 semetsemet
