2356 3846
125 136 168 201 32
501 141 533 207 Q.
552 140 661 196 uuam
678 141 765 196 Ruri

125 282 212 346 tibus
235 283 337 366 facta,
369 284 452 348 serio
479 285 544 348 iarn
567 306 622 349 rex
644 285 759 350 iisdem
781 286 1012 351 comitantibus
1034 288 1071 351 in
1093 309 1138 351 re-

73 390 108 438 24
126 371 213 455 giam
240 371 395 454 pervenit.
439 371 539 436 Fama
567 372 694 455 deinde,
726 377 762 437 ut
789 375 884 454 solet,
917 377 1048 438 strenue
1070 379 1139 440 tota

125 458 203 522 urbe
236 458 393 523 discurrit.
429 457 578 524 Aliorum
607 461 761 539 studium,
794 461 930 526 aliorum
956 461 1137 547 indignatio

125 547 301 611 eminebat:
339 547 549 611 divitissimus
579 549 712 632 quisque
738 549 902 612 humilitat
888 554 963 612 tem
980 549 1137 634 inopiam-

73 653 107 703 ιι
126 655 188 718 que
221 634 288 699 eius
318 635 403 718 apud
431 635 550 700 amicos
582 636 759 700 Alexandri
787 636 1028 701 criminabatur.
1075 636 1137 701 Ad-

125 722 213 785 mitti
249 745 322 787 eum
353 745 410 788 rex
439 724 588 807 protinus
618 724 712 788 iussit
743 724 860 808 diuque
892 725 1137 825 contemplatus,

127 807 315 894 ³Oorporis',
342 809 460 895 inquit,
490 809 637 875 ³habitus
664 812 769 876 famae
796 812 923 896 generis
951 833 1020 877 non
1047 834 1136 896 repu-

127 902 219 982 gnat:
251 899 306 963 sed
332 899 413 963 libet
435 899 529 982 scire,
555 900 698 983 inopiam
721 921 784 982 qua
806 899 964 999 patientia
986 899 1136 964 tuleris?

127 985 210 1049 'lum
245 987 314 1070 ille,
346 985 521 1068 ³,Utinam’
555 987 673 1070 inquit,
706 985 829 1051 ³eodem
862 987 970 1051 animo
1002 1007 1138 1073 regnum

126 1074 195 1156 pati
216 1037 353 1157 possim!
376 1074 438 1138 hae
460 1036 575 1139 mairus
598 1075 749 1138 suffecere
772 1074 928 1139 desiderio
947 1095 1036 1139 meo:
1059 1074 1138 1139 nihil

74 1180 107 1230 ιι
125 1161 260 1225 habenti
290 1162 373 1225 nihil
404 1161 531 1226 defuit'
584 1161 724 1246 Magnae
760 1162 877 1227 indolis
912 1163 1077 1245 specimen
1103 1184 1139 1227 ex

126 1250 188 1314 hoc
212 1271 358 1314 sermone
381 1249 602 1332 Abdalonymi
629 1251 720 1335 cepit.
756 1248 870 1334 Ibique
897 1272 964 1314 non
978 1248 1138 1315 Stratonis

127 1338 222 1401 modo
250 1337 374 1422 regiam
396 1337 626 1420 supellectilem
649 1338 782 1401 attribui
805 1339 834 1401 ei
857 1338 964 1420 iussit,
994 1339 1052 1402 sed
1074 1338 1138 1421 ple·

85 1428 89 1433 ’
126 1446 226 1508 raque
250 1427 348 1489 etiam
369 1447 409 1490 ex
425 1423 555 1489 Persica
577 1425 705 1508 praeda,
727 1426 893 1510 regionem
916 1446 1045 1509 quoque
1067 1425 1138 1491 urbi

127 1513 309 1596 adpositam
332 1512 451 1577 dicioni
473 1513 541 1577 eius
564 1513 688 1577 adiecit.

75 1620 108 1668 ιι
215 1600 344 1665 Interea
365 1601 540 1683 Amyntas,
572 1622 666 1684 quem
690 1600 867 1664 adPersas
890 1600 931 1664 ab
955 1598 1163 1666 Alexandrot

126 1688 341 1789 transfugisse
365 1689 510 1770 diximus,
525 1711 606 1754 cum
628 1692 782 1771 quattuor
801 1688 930 1752 milibus
944 1686 1138 1754 Graecorum

127 1776 234 1860 ipsum
257 1799 296 1841 ex
320 1778 386 1841 acie
409 1738 585 1860 persecutis
607 1776 687 1860 fuga
703 1775 849 1859 Tripolin
871 1776 1027 1859 pervenit.
1062 1777 1138 1842 Inde

127 1864 163 1928 in
183 1886 282 1930 naves
300 1864 457 1929 militibus
480 1864 630 1948 inpositis
645 1863 787 1947 Cyprum
805 1864 986 1928 transmisit
1005 1868 1047 1947 et,
1070 1886 1139 1929 cum

127 1952 163 2016 in
198 1953 323 2017 illost
309 1955 380 2016 tatu
415 1972 522 2015 rerum
553 1952 586 2016 id
623 1972 794 2036 quemque
826 1952 911 2051 quod
944 1956 1140 2035 occupasset,

127 2039 314 2104 habiturum
350 2040 559 2104 arbitraretur
594 2041 682 2103 velut
718 2043 804 2104 certo
841 2041 909 2103 iure
945 2061 1139 2123 possessum,

128 2125 316 2212 Aegyptum
355 2131 464 2211 petere
504 2128 657 2211 decrevit,
702 2127 828 2211 utrique
864 2127 934 2211 regi
968 2127 1076 2192 hostis
1111 2132 1141 2192 ot

76 2234 110 2284 ιι
130 2236 256 2298 semper
280 2237 319 2279 ex
336 2215 470 2299 ancipiti
487 2216 664 2279 mutatione
682 2219 863 2297 temporum
875 2214 1031 2298 pendens.
1060 2214 1139 2281 Hor·

129 2306 280 2386 tatusque
308 2304 426 2367 milites
457 2304 497 2367 ad
529 2325 619 2386 spem
650 2307 706 2367 tan
708 2306 760 2366 tae
792 2303 838 2366 rei
869 2303 962 2366 docet
988 2301 1141 2387 Sabacen,

129 2395 310 2475 praetorem
333 2392 489 2492 Aegypti,
512 2391 698 2455 cecidisse'
688 2413 723 2454 111
746 2390 829 2454 acie:
857 2389 1029 2455 Persarum
1053 2412 1140 2475 prae

130 2479 246 2544 sidium
283 2483 316 2543 et
352 2480 420 2543 sine
456 2479 534 2542 duce
569 2499 639 2543 esse
672 2482 703 2542 et
689 2477 924 2560 tinvalidum,
958 2478 1141 2581 Aegyptios

129 2588 256 2651 semper
286 2566 487 2651 praetoribus
521 2587 632 2630 eorum
664 2565 762 2630 infest
749 2570 799 2630 tos
831 2587 889 2648 pro
920 2566 1016 2630 sociis
1046 2568 1142 2652 ipsos,

77 2674 111 2725 29
129 2677 197 2720 non
223 2676 282 2739 pro
310 2655 385 2720 host
385 2656 458 2718 ibus
481 2654 714 2718 aestimaturos.
747 2652 863 2717 Omnia
881 2654 1019 2736 experiri
1034 2676 1141 2720 neces

130 2744 209 2808 sitas
237 2744 387 2826 cogebat:
420 2743 537 2826 quippe
559 2764 631 2807 cum
654 2742 774 2824 primas
798 2762 871 2824 spes
893 2741 1026 2806 fortuna
1049 2742 1141 2808 desti-

129 2831 206 2913 tuit,
228 2831 338 2895 futura
360 2831 581 2914 praesentibus
603 2829 753 2894 ridentur
775 2850 844 2893 esse
867 2828 1005 2912 potiora.
1040 2828 1142 2916 Ig'tur

115 2918 348 3000 ¹conclamant,
376 2918 519 3001 duceret,
546 2939 609 3002 quo
632 2916 800 2981 videretur.
844 2917 953 3000 Atque
975 2918 1031 2982 ille
1055 2922 1141 2983 uten-

131 3006 208 3071 dum
244 3006 374 3087 animis,
414 3005 490 3070 dum
526 3025 583 3087 spe
620 3005 774 3086 calerent,
811 3008 915 3087 ratus,
952 3005 993 3069 ad
1023 3003 1142 3073 Pelusii

132 3095 251 3159 ostium
280 3097 441 3176 penetrat,
473 3092 628 3156 simulans
655 3115 674 3156 a
697 3089 803 3157 Dareo
831 3114 865 3157 se
892 3113 962 3157 esse
989 3094 1141 3177 praemia

78 3201 114 3252 ιο
133 3204 212 3246 sum.
246 3180 374 3246 Potitus
397 3201 474 3264 ergo
496 3179 615 3244 Pelusii
638 3179 816 3264 Memphim
838 3181 947 3263 copias
968 3182 1142 3264 promouit:

132 3270 173 3334 ad
197 3270 287 3333 cuius
309 3269 430 3333 famam
444 3269 608 3353 Aegyptii,
630 3290 713 3333 vana
732 3288 811 3352 gens
828 3272 861 3332 et
874 3269 1035 3335 novandis
1049 3292 1142 3355 quam

122 3356 1143 3527 tssztsstrt¹trdtch³tuti{tlssttatllffl

46 3542 86 3587 81
109 3526 180 3597 θυι
200 3533 312 3596 territi
335 3537 449 3601 tamen
474 3555 567 3621 spem
590 3531 755 3599 retinendi
773 3532 960 3619 Aegyptum
976 3554 1048 3597 non
1069 3533 1143 3600 omi-
