2356 3846
116 144 182 209 252
281 172 283 177 <
491 142 522 209 Q.
542 142 653 198 OURTI
670 141 756 197 RUFI

116 293 220 373 erant,
251 289 391 372 undique
422 287 463 353 ad
483 309 593 352 naves
627 285 746 370 trepidi
779 289 813 351 et
842 285 1010 370 inproviso
1040 286 1128 352 malo

63 389 95 437 12
115 377 247 443 attoniti
273 380 450 441 recurrunt.
497 373 560 441 Sed
586 376 621 439 in
643 375 786 440 tumultu
809 373 976 439 festinatio
1001 395 1129 459 quoque

114 465 210 530 tarda
231 469 289 530 est.
324 463 371 528 Hi
389 465 493 529 contis
512 464 643 548 navigia
661 463 834 547 pellebant,
856 462 901 546 hi,
924 462 1001 527 dum
1020 485 1129 528 remes

36 569 40 574 ·
63 565 95 614 13
116 554 222 638 aptari
245 553 442 636 probabant,
465 552 690 618 consederant:
712 551 842 635 quidam
863 552 1038 635 enavigare
1056 574 1129 636 pro·

114 646 265 726 perantes
285 640 367 722 [sed]
386 662 453 706 non
470 640 661 724 expectatis,
680 641 736 724 qui
754 640 850 703 simul
869 661 939 704 esse
957 640 1130 723 debebant,

115 730 228 795 clauda
246 733 279 794 et
296 729 455 802 inhabilia
472 728 605 813 navigia
622 728 775 812 languide
790 729 1025 793 moliebantur:
1044 729 1129 793 aliae

113 819 245 883 navium
272 817 455 883 inconsulte
482 822 611 882 ruentes
636 838 704 881 non
725 820 913 900 receperant
942 817 1130 902 pariterque

63 916 97 965 14
115 913 148 973 et
170 906 345 971 multitudo
370 910 403 970 et
424 907 573 990 paucitas
598 905 790 970 festinantes
813 904 1019 969 morabatur·
1058 901 1131 970 Gla·

114 1017 185 1060 mor
212 995 289 1059 hinc
315 998 497 1079 expectare,
526 994 603 1058 hinc
629 993 677 1058 ire
705 993 885 1059 iubentium
915 992 1130 1078 dissonaeque

114 1104 208 1148 voces
231 1103 392 1165 nusquam
413 1083 498 1147 idem
517 1084 613 1166 atque
630 1103 731 1146 unum
747 1080 949 1146 tendentium
967 1103 1036 1146 non
1055 1102 1130 1146 ocu·

62 1183 95 1232 15
114 1171 222 1236 lorum
245 1171 340 1235 modo
359 1192 464 1255 usum,
487 1170 543 1235 sed
562 1170 661 1235 etiam
680 1171 807 1235 aurium
825 1169 1041 1235 abstulerant.
1079 1168 1131 1236 Ne

113 1261 148 1325 in
175 1258 448 1344 gubernatoribus
477 1258 606 1342 quidem
634 1259 806 1343 quicquam
834 1258 905 1342 opis
935 1263 1019 1341 erat,
1051 1279 1131 1342 quo-

113 1370 184 1412 rum
215 1369 275 1412 nec
307 1346 450 1412 exaudiri
477 1369 542 1411 vox
565 1369 584 1411 a
606 1346 880 1412 tumultuantibus
912 1349 1043 1430 poterat
1069 1368 1132 1412 nec

61 1448 95 1497 16
113 1435 285 1519 imperium
303 1458 322 1500 a
340 1435 462 1500 territis
481 1435 760 1519 inconpositisque
779 1434 909 1499 servari.
945 1433 1036 1519 Ergo
1056 1456 1131 1501 con·

77 1536 80 1542 ⁴
113 1523 172 1587 lidi
194 1524 280 1588 inter
301 1545 336 1588 se
359 1544 457 1588 naves
481 1523 726 1608 abstergerique
748 1523 887 1587 invicem
908 1523 991 1588 remi
1014 1527 1050 1588 et
1072 1522 1133 1588 alii

114 1612 253 1676 aliorum
270 1612 403 1697 navigia
415 1631 537 1696 urgere
556 1615 738 1700 coeperunt
775 1609 929 1677 Crederes
945 1632 1013 1675 non
1031 1612 1131 1677 unius

113 1701 272 1765 exercitus
294 1700 431 1765 classem
448 1700 533 1781 vehi,
556 1700 611 1765 sed
631 1700 767 1764 duorum
785 1699 900 1764 navale
918 1694 1040 1765 initum
1059 1721 1132 1765 esse

61 1800 93 1849 ιτ
113 1792 284 1853 certamen.
315 1787 560 1853 Incutiebantur
576 1789 740 1872 puppibus
753 1808 878 1872 prorae,
896 1787 1132 1872 premebantur

113 1899 132 1942 a
156 1877 374 1961 sequentibus,
401 1878 457 1961 qui
485 1877 710 1942 antecedentes
736 1877 961 1941 turbaverant:
993 1877 1130 1960 iurgan-

60 1977 94 2026 18
112 1965 195 2029 tium
217 1965 268 2028 ira
289 1964 499 2049 perveniebat
521 1965 621 2030 etiam
644 1965 685 2029 ad
706 1986 831 2030 manus.
864 1963 997 2048 Iamque
1017 1963 1174 2030 aestuati

112 2057 200 2118 totos
229 2055 313 2118 circa
340 2054 459 2118 flumen
486 2074 617 2136 campos
639 2053 854 2117 inundaverat
875 2052 1012 2117 tumulis
1037 2052 1130 2119 dum·

112 2144 205 2206 taxat
223 2142 440 2206 eminentibus
458 2141 548 2206 velut
564 2141 679 2206 insulis
696 2141 816 2224 parvis,
834 2142 869 2204 in
883 2162 964 2224 qnos
976 2140 1129 2226 plerique

61 2241 93 2290 19
113 2229 231 2311 trepidi
263 2230 392 2293 omissis
424 2229 566 2314 navigiis
598 2250 694 2294 enare
728 2233 916 2314 properant
937 2232 945 2245 ⁰
970 2227 1130 2313 Dispersa

113 2317 226 2382 classis
258 2317 378 2400 partim
409 2317 445 2381 in
475 2318 621 2400 praealta
652 2339 736 2401 aqua
766 2318 889 2396 stabat,
922 2338 986 2401 qua
1017 2318 1129 2384 subae-

112 2405 227 2470 derant
257 2405 374 2485 valles,
409 2406 529 2488 partim
561 2407 597 2469 in
628 2406 710 2470 vado
746 2405 917 2490 haerebat,
951 2409 1127 2492 utcumque

111 2493 282 2577 inaequale
313 2496 420 2557 terrae
446 2491 617 2577 fastigium
644 2497 880 2576 occupaverant
900 2493 1021 2558 undae:
1054 2515 1128 2559 eum

58 2593 93 2642 20
112 2582 221 2646 subito
244 2602 348 2645 novus
372 2584 405 2645 et
426 2581 564 2664 pristino
587 2580 691 2646 maior
708 2584 815 2645 terror
831 2582 997 2646 incutitur.
1034 2581 1127 2649 Reci-

110 2670 239 2752 procari
276 2669 382 2751 coepit
417 2691 507 2733 mare
543 2690 663 2753 magno
700 2672 809 2733 tractu
841 2671 932 2754 aquis
963 2671 1000 2734 in
1031 2693 1127 2736 suum

111 2757 230 2822 fretum
261 2757 501 2821 recurrentibus
532 2756 751 2842 reddebatque
782 2761 887 2822 terras
917 2758 1017 2841 paulo
1049 2764 1126 2826 unte

111 2844 271 2929 profundo
304 2845 373 2910 salo
406 2866 537 2910 mersas.
584 2844 690 2930 Igitur
717 2845 873 2911 destituta
898 2847 1034 2930 navigia
1060 2848 1127 2914 alia

111 2933 365 3016 praecipitantur
396 2933 431 2996 in
456 2955 583 3017 proras,
615 2935 680 2998 alia
705 2933 741 2997 in
767 2934 872 2998 latera
897 2935 1128 3018 procumbunt.

112 3019 215 3085 Strati
243 3024 334 3086 erant
365 3022 472 3106 campi
500 3021 648 3106 sarcinis,
679 3023 791 3105 armis,
823 3022 1009 3088 avulsarum
1029 3025 1127 3090 tabu·

59 3120 91 3168 21
113 3109 219 3172 larum
235 3131 475 3194 remorumque
505 3110 704 3195 fragmentis.
744 3109 840 3175 Miles
866 3131 926 3176 nec
953 3111 1067 3196 egredi
1091 3113 1127 3179 in

111 3200 232 3261 terram
249 3218 310 3262 nec
327 3198 362 3262 in
379 3220 461 3264 nave
479 3199 655 3262 subsistere
675 3198 823 3283 audebat,
840 3198 1017 3266 identidem
1031 3220 1127 3287 prae·

112 3285 258 3350 sentibus
287 3287 449 3370 graviora,
477 3308 558 3371 quae
581 3290 805 3371 sequerentur,
830 3291 1014 3372 expectans.
1049 3287 1127 3375 Vix,

111 3396 193 3456 quae
217 3374 494 3458 perpetiebantur,
519 3375 628 3440 videre
654 3376 743 3459 ipsos
766 3375 952 3462 credebant,
977 3377 1126 3445 insieco

39 3469 80 3517 22
93 3461 288 3549 naufragia,
310 3463 347 3529 in
372 3463 462 3530 amni
485 3485 584 3531 mare.
617 3462 689 3530 blec
707 3463 785 3528 duis
805 3465 1127 3551 melorumequippe

80 3553 217 3617 aestum
245 3555 350 3639 paulo
376 3561 458 3643 post
481 3579 578 3624 mare
600 3556 797 3637 relaturum,
816 3573 881 3635 quo
898 3551 1136 3634 saudauma-
