2356 3846
475 133 694 198 „21-

75 292 234 357 exercitia
263 293 463 377 permaxime
499 293 690 379 agebantur.
744 291 979 359 Constantinus
1015 315 1093 360 vero

75 403 150 447 cum
174 383 249 446 aliis
273 387 306 447 et
328 383 413 447 inter
436 383 519 447 alios
543 382 745 447 hastiludens
773 383 955 466 praevaluit
978 384 1093 448 ceteris

75 472 229 536 omnibus
256 470 319 536 hoc
345 470 422 537 ludo
449 473 497 536 ita
524 473 562 535 ut
589 471 710 536 multos
744 493 853 536 secum
885 473 1032 537 ludentes
1061 475 1094 536 et

74 561 145 626 fere
174 580 285 624 omnes
313 560 424 625 ludum
452 561 559 644 ipsum
588 581 693 624 secum
727 560 767 625 ad
800 560 931 644 aliquod
963 564 1094 645 tempus

49 667 63 709 s
77 649 305 715 continuantes
320 649 362 714 ad
379 653 500 714 terram
518 651 740 732 prosterneret
754 653 786 713 et
805 649 892 733 quod
909 649 976 714 iam
995 671 1095 733 quara

75 759 144 803 non
165 738 392 803 inveniebatur
410 738 528 821 aliquis
548 738 604 821 qui
623 759 731 802 secum
753 737 864 803 ludere
883 761 980 802 ausus
1000 741 1096 823 esset,

77 830 110 892 ct
133 827 169 891 in
196 830 322 891 tantum
346 827 436 890 ultra
459 848 571 892 omnes
594 826 764 910 praefecit,
786 827 835 890 ita
857 832 894 890 ut
917 827 1097 911 imperator

76 936 151 982 cum
177 917 250 979 1010
275 918 390 979 senatu
417 937 455 980 ac
482 915 643 980 universis
668 915 734 980 suis
761 915 903 980 tribunis
927 918 961 979 01
984 916 1096 980 militi·

75 1005 138 1069 bus
163 1003 201 1067 de
226 1003 294 1068 eius
319 1004 513 1069 strenuitate
532 1004 735 1069 mirarentur.
769 1003 847 1068 Istis
866 1003 976 1087 itaque
995 1003 1097 1068 hasti·

39 1108 64 1152 rc
77 1092 178 1158 ludiis
202 1095 236 1156 et
257 1093 492 1157 torneamentis
516 1093 557 1156 ad
585 1093 711 1177 aliquos
740 1092 808 1157 dies
832 1093 1030 1157 continuatis
1059 1114 1097 1157 ac

77 1179 294 1247 Constantino
326 1182 432 1266 magis
466 1202 503 1246 ac
534 1182 641 1266 magis
676 1181 885 1265 praevalente
917 1181 1098 1265 imperator

76 1270 187 1354 coepit
208 1270 371 1353 inquirere
395 1269 546 1354 quisnam
568 1273 662 1335 esset.
699 1269 822 1335 Milites
843 1274 953 1335 autem
977 1274 1010 1334 et
1028 1270 1098 1335 uni·

76 1359 164 1423 versi
187 1359 243 1442 qui
266 1358 401 1423 aderaut
419 1358 546 1423 nobiles
565 1358 804 1441 responderunt
824 1381 890 1424 uno
913 1380 967 1423 ore
992 1359 1099 1424 dicen·

75 1450 139 1530 tes,
157 1447 242 1530 quod
256 1447 367 1511 nullus
380 1448 488 1531 ipsum
502 1450 651 1512 nosceret
663 1447 727 1512 nisi
742 1448 827 1530 quod
845 1447 952 1530 ipsum
968 1448 1098 1531 saepius

38 1551 64 1594 rs
77 1536 237 1601 vidissent
265 1536 381 1600 ceteris
405 1537 439 1599 in
462 1535 525 1601 hoc
547 1536 623 1600 ludo
644 1539 676 1600 01
703 1535 775 1600 01110
799 1535 997 1600 militaribus
1022 1537 1100 1601 acti-

77 1625 138 1690 bus
162 1624 350 1689 ludentibus
372 1624 673 1708 incomparabiliter
694 1625 947 1708 praevalentem.

167 1711 352 1797 Imperator
388 1716 498 1778 autem
533 1713 596 1778 hoe
628 1713 739 1778 audito
772 1711 1025 1777 Constantinum
1058 1712 1152 1777 adue

78 1823 173 1867 suam
199 1803 310 1866 vocari
337 1800 434 1866 iussit
460 1802 679 1885 praesentiam
707 1805 740 1865 et
768 1802 929 1886 quaesivit
956 1803 998 1866 ab
1025 1802 1098 1885 ipso

78 1891 152 1976 quis
180 1894 214 1954 01
241 1890 323 1955 unde
351 1893 444 1954 esset.
492 1889 557 1966 Qui
588 1890 756 1974 respondit
789 1889 909 1954 dicens:
947 1889 1098 1955 ‘Domine

40 1994 65 2036 2⁰
78 1980 256 2063 imperator
283 1980 436 2062 pauperis
462 2001 533 2042 sum
560 1977 648 2042 filius
672 1978 817 2043 mulieris
841 1978 1040 2042 stabularias
1064 1978 1099 2043 in

76 2068 141 2133 hac
158 2067 238 2132 urbe
257 2065 512 2132 commorantis'.
543 2065 733 2150 Rursusque
753 2067 972 2153 interrogavit
989 2067 1099 2150 ipsum

76 2157 152 2241 quis
167 2159 254 2220 esset
275 2159 368 2240 pater
383 2155 461 2219 eius,
492 2154 545 2220 Ad
560 2155 645 2239 quod
659 2155 777 2220 iterum
792 2155 961 2239 respondit
975 2156 1098 2221 dicens:

77 2244 222 2310 ‘Patrem
242 2243 403 2327 quendam
425 2264 602 2327 pauperem
621 2245 728 2309 virum
751 2244 852 2309 habui
876 2245 932 2328 qui
950 2249 1098 2311 mortuus

76 2333 143 2399 fuit
157 2336 332 2417 antequam
347 2353 408 2417 ego
427 2335 524 2397 natus
544 2330 670 2397 essem'.
702 2330 885 2415 Imperator
899 2337 1009 2398 autem
1028 2356 1097 2399 rem

37 2421 199 2488 1010011110
215 2420 421 2486 considerans
437 2421 646 2503 subsequenti
665 2420 806 2504 quadam
825 2421 885 2506 die,
904 2444 976 2486 cum
990 2423 1098 2505 ipsum

75 2511 165 2576 iuter
197 2509 280 2574 alios
313 2508 435 2574 milites
468 2508 706 2574 hastiludentes
740 2531 777 2574 00
805 2509 913 2593 ipsum
940 2510 981 2574 iis
1008 2532 1099 2595 prae·

75 2600 242 2665 valentem
271 2598 354 2663 sicut
385 2598 475 2681 prius
503 2598 737 2682 conspexisset,
769 2597 906 2663 eundem
939 2597 1099 2664 Constan-

75 2688 186 2753 tinum
209 2687 250 2752 ad
273 2709 310 2752 se
335 2687 445 2752 vocari
472 2687 569 2752 iussit
592 2689 625 2751 et
648 2687 768 2751 iterum
792 2687 865 2771 quis
891 2690 977 2752 esset
1000 2689 1098 2752 inter-

75 2776 217 2861 rogavit.
251 2775 312 2852 Qui
327 2775 457 2860 quidem
471 2773 705 2840 Constantinus
721 2775 890 2859 respondit
904 2776 989 2840 sicut
1007 2777 1098 2860 prius

37 2884 62 2926 eo
78 2866 204 2932 fecerat
221 2865 344 2930 dicens:
370 2863 520 2930 ‘Domine
538 2864 724 2949 imperator,
744 2863 899 2948 pauperis
919 2887 992 2930 sum
1009 2866 1097 2931 filius

78 2954 237 3038 mulieris,
256 2975 368 3018 servus
388 2952 516 3019 vester'.
548 2951 731 3037 Imperator
746 2957 856 3017 autem
870 2975 939 3018 rem
959 2954 1007 3018 ita
1027 2977 1098 3020 esse

79 3044 165 3109 sicut
189 3042 355 3108 asserebat
377 3063 582 3126 nequaquam
607 3041 782 3107 aestimans
804 3040 886 3105 dixit
910 3043 987 3107 sibi:
1021 3042 1097 3107 ‘Pro

78 3135 168 3198 certo
192 3131 274 3196 scire
299 3132 447 3196 volumus
470 3130 566 3196 huius
585 3131 632 3195 rei
651 3131 824 3195 veritatem
846 3132 879 3194 et
902 3132 967 3196 nisi
990 3130 1097 3214 ipsam

77 3219 285 3307 patefeceris,
307 3242 447 3303 poenam
466 3241 532 3285 non
556 3218 693 3284 evades’.
730 3217 963 3285 Constantinus
988 3223 1097 3284 autem

127 3365 186 3488 alto
205 3359 371 3415 continuans
389 3360 466 3418 codd.
485 3356 636 3414 cortinatis
650 3359 765 3414 correxi.
839 3363 874 3412 30
894 3357 1007 3412 domine
1021 3359 1053 3412 c'a
1066 3358 1097 3410 D

77 3447 126 3501 rep
152 3447 217 3486 secr.
