2356 3846
129 110 193 174 124
506 110 537 176 Q.
557 108 668 164 cunni
686 103 772 165 RUFI

128 257 209 320 caeli
241 258 329 320 statu
359 253 476 338 recipit
509 253 544 318 in
579 275 612 318 se
644 253 765 318 fretum
798 209 975 338 eodemque
1006 238 1137 339 impetn,

127 365 191 427 quo
216 343 351 407 effusum
370 346 429 423 est,
451 342 599 407 relabens
621 345 744 406 terram
766 345 903 406 naturae
926 362 1004 407 suae
1027 341 1138 408 reddit

126 431 172 496 Et
194 432 325 514 quidam
351 430 512 495 credidere
534 430 599 494 non
623 430 770 494 clausum
793 451 887 507 mare,
906 451 992 515 esse,
1019 430 1077 495 sed
1103 451 1137 495 ex

126 519 219 584 India
240 520 274 582 in
297 518 494 602 Hyrcaniam
517 518 643 602 cadere,
666 519 757 582 cuius
780 517 960 605 fastigium,
983 522 1021 583 ut
1045 539 1138 603 supra

127 608 248 671 dictum
272 611 329 691 est,
352 610 508 691 perpetua
530 607 616 672 valle
639 606 851 670 submittitur.

73 723 108 772 20
215 695 300 760 Hinc
318 714 375 760 rex
393 713 443 758 xx
462 694 567 759 stadia
589 694 749 778 processit
772 694 887 759 semita
905 694 1178 778 propemoduml

127 785 224 867 invia,
248 785 300 848 cui
320 783 404 848 silva
422 783 622 865 imminebat,
645 786 867 866 torrentesque
886 787 919 846 et
938 783 1063 848 eluvies
1080 784 1139 849 iter

127 872 349 936 morabantur.
394 869 492 936 Nullo
520 873 632 934 tamen
658 869 753 934 hoste
776 871 872 935 obvio
898 874 1050 954 penetrat
1071 875 1139 937 tan-

73 978 107 1025 21
127 960 263 1044 demque
282 961 322 1025 ad
342 959 480 1023 cultiora
497 962 687 1042 perventum
706 962 765 1023 est,
800 957 935 1023 Praeter
954 959 1039 1024 ahos
1057 980 1139 1025 com·

126 1053 263 1132 meatus,
281 1069 417 1131 quorum
435 1049 507 1110 tum
525 1047 619 1130 copia
637 1047 728 1130 regio
752 1046 947 1130 abundabat,
969 1068 1140 1131 pomorum

127 1157 255 1221 quoque
282 1137 396 1219 ingens
424 1134 537 1199 modus
561 1135 704 1199 nascitur
728 1138 760 1199 et
782 1135 983 1200 uberrimum
1007 1136 1140 1220 gignen-

73 1243 106 1290 22
128 1225 177 1288 dis
205 1224 277 1288 uvis
306 1223 410 1287 solum
437 1227 497 1288 est.
545 1220 709 1306 Frequens
737 1223 834 1288 arbor
861 1222 976 1287 faciem
1005 1245 1141 1307 quercus

125 1312 239 1392 habet,
271 1311 360 1375 cuius
391 1309 472 1374 folia
502 1310 606 1374 multo
634 1310 730 1374 melle
757 1311 941 1394 tinguntur,
974 1311 1046 1394 sed,
1077 1312 1140 1377 nisi

127 1400 205 1464 solis
233 1402 340 1463 crtum
367 1398 493 1463 incolae
522 1398 763 1481 occupaverint,
794 1399 846 1462 vel
873 1397 1001 1463 modico
1028 1402 1141 1484 tepore

127 1509 222 1552 sucus
246 1487 453 1571 extinguitur.

73 1593 107 1643 23
214 1593 289 1639 xxx
311 1574 388 1639 hinc
412 1573 517 1639 stadia
539 1577 754 1658 processerat,
784 1595 856 1638 cum
878 1573 1140 1659 Phrataphernes

127 1665 158 1729 ei
178 1663 318 1729 occurrit
341 1684 437 1746 seque
461 1667 493 1726 et
517 1684 586 1745 eos,
609 1663 665 1744 qui
687 1666 763 1744 post
785 1661 883 1726 Darei
906 1666 1048 1728 mortem
1070 1686 1141 1747 pro·

125 1752 286 1837 fugerant,
309 1751 440 1815 dedens:
464 1750 581 1834 quihus
602 1750 739 1834 benigne
762 1751 904 1834 exceptis
923 1751 964 1814 ad
983 1752 1141 1835 oppidum

125 1840 231 1905 Arvas
258 1839 416 1924 pervenit.
464 1837 528 1902 Hic
553 1839 583 1902 ei
610 1835 762 1903 Craterus
789 1842 824 1902 et
848 1837 1003 1924 Erigyius
1031 1861 1141 1906 occur·

77 1943 111 1992 24
125 1931 213 1992 runt:
232 1928 431 2010 praefectum
446 1925 647 2009 Tapurorum
665 1926 773 2010 gentis
788 1925 984 1991 Phradatem
1003 1927 1142 1994 adduxe·

126 2018 209 2080 rant.
255 2014 318 2078 Hic
347 2035 472 2097 quoqne
500 2014 535 2076 in
562 2013 659 2078 fidem
684 2017 831 2096 receptus
854 2015 968 2079 multis
992 2018 1140 2101 exemplo

73 2129 107 2179 25
125 2104 191 2167 fuit
223 2101 405 2185 experiendi
439 2101 645 2165 clementiam
678 2101 775 2184 regis.
832 2100 991 2185 Satrapen
1026 2102 1141 2170 deinde

126 2191 308 2274 Hyrcaniae
331 2189 420 2253 dedit
442 2188 604 2271 Minapin:
633 2189 706 2253 exul
728 2189 783 2252 hic
804 2194 960 2274 regnante
984 2189 1078 2257 Ocho
1101 2191 1142 2256 ad

126 2279 315 2361 Philippum
352 2280 549 2360 pervenerat,
608 2276 810 2360 Tapurorum
847 2282 972 2362 quoque
1009 2284 1141 2363 gentem

126 2366 282 2432 Phradati
304 2365 452 2430 reddidit.

561 2505 641 2573 Cir.
664 2505 704 2574 V.

92 2641 106 2689 1
214 2632 348 2715 Iamque
375 2631 492 2696 ultima
515 2630 698 2715 Hyrcaniae
725 2633 916 2715 intraverat,
944 2654 1017 2698 cum
1044 2636 1174 2702 Arta-1

126 2720 240 2802 hauns,
267 2740 363 2803 quem
390 2718 496 2784 Dareo
524 2719 715 2785 fidissimum
740 2721 842 2784 fuisse
869 2722 1139 2810 supradiximus,

127 2828 199 2871 cum
222 2807 412 2891 propinquis
435 2807 534 2871 Darei
556 2829 594 2872 ac
616 2808 683 2872 suis
706 2808 818 2873 liberis
835 2809 1024 2894 modicaque
1043 2811 1139 2880 Grae

92 2905 107 2952 2
128 2916 238 2958 corum
261 2896 403 2959 militum
426 2916 525 2959 manu
547 2895 694 2960 occurrit.
738 2895 896 2963 Dextram
914 2900 1059 2966 venienti
1082 2903 1137 2966 oh·

126 2982 203 3045 tulit
225 3004 294 3046 rex:
318 2984 437 3067 quippe
461 2986 494 3047 et
515 2982 634 3084 hospes
653 2981 798 3083 Philippi
820 2986 937 3070 fuerat,
959 3008 1031 3053 curn
1050 2987 1138 3055 Ocho

126 3069 836 3226 {zudinruitduumuir
858 3096 1023 3228 utcu
1038 3099 1139 3251 hit

92 3256 107 3305 3
128 3248 293 3327 exceptus,
316 3245 379 3311 “Pu
402 3245 552 3331 quidem’,
574 3246 694 3331 inquit,
717 3246 793 3331 hex,
816 3248 892 3315 deos
916 3273 1047 3338 quaeso,
1070 3275 1139 3338 per·

127 3336 226 3418 petua
239 3333 395 3400 felicitate
409 3335 538 3402 floreas:
562 3355 623 3421 ego
647 3335 762 3410 ceteris
785 3337 890 3402 laetus
908 3338 971 3405 hoc
989 3362 1056 3406 uno
1074 3345 1139 3408 tor·

123 3444 234 3507 qneor,
259 3422 346 3507 quod
367 3422 541 3508 praecipiti
559 3424 724 3489 senectute
747 3424 802 3489 diu
823 3425 889 3491 frui
910 3429 968 3493 tua
991 3429 1140 3495 bonitate

103 3529 175 3574 non
190 3510 362 3598 possum?
390 3510 656 3601 Nonagesimum
668 3514 704 3578 et
717 3513 869 3598 quintum
879 3535 1002 3579 annum
1012 3520 1140 3600 agebat
