2370 3834
383 755 650 857 Q.OURT1
683 755 836 838 RUFI

481 909 736 965 HISTORIARUM

245 1072 687 1170 Anuxuuuar
723 1039 975 1168 'urnam

461 1262 754 1328 MACEDONIS

513 1419 623 1474 LIBER
640 1419 700 1475 VII.

545 1561 623 1629 Ger.
645 1562 671 1628 Ι.

69 1703 83 1752 1
191 1688 347 1754 Philotan
379 1687 462 1752 sicut
493 1686 676 1752 recentibus
704 1686 836 1751 sceleris
868 1687 937 1752 eius
964 1687 1144 1774 uestigiisl

103 1781 172 1844 iure
196 1778 357 1842 adfectum
381 1775 542 1859 supplicio
565 1778 757 1839 censuerant
779 1774 914 1858 militer,
939 1775 1001 1859 ita,
1026 1781 1116 1860 post

104 1889 201 1952 quam
224 1865 364 1930 desierat
386 1885 469 1946 esse,
492 1884 587 1945 quem
610 1863 766 1946 odissent,
791 1863 912 1928 invidia
933 1863 969 1928 in
991 1865 1117 1929 miseri·

68 1969 84 2018 2
104 1955 247 2021 cordiam
268 1953 374 2017 vertit.
419 1951 566 2015 Moverat
593 1955 626 2015 et
653 1952 784 2016 claritas
807 1951 932 2016 iuvenis
954 1954 989 2016 et
1009 1953 1116 2037 patris

68 2057 84 2106 3
104 2043 173 2108 eius
193 2045 342 2106 senectus
363 2043 460 2122 atque
483 2039 616 2104 orbitas.
656 2037 783 2103 Primus
807 2040 920 2105 Asiam
944 2045 1117 2123 aperuerat

103 2131 188 2214 regi:
212 2130 357 2194 omnium
378 2127 595 2211 periculorum
619 2126 687 2191 eius
710 2127 873 2211 particeps
893 2150 1021 2212 semper
1039 2131 1117 2194 alte-

104 2240 176 2283 rum
199 2219 234 2282 in
257 2218 325 2282 acie
353 2238 451 2281 cornu
478 2214 678 2293 defenderat,
706 2215 858 2299 Philippo
886 2239 1014 2301 quoque
1040 2221 1116 2283 ante

105 2329 217 2373 omnes
245 2306 367 2371 amicus
396 2308 429 2368 et
456 2303 520 2387 ipsi
546 2302 730 2368 Alexandro
755 2308 825 2369 tam
852 2304 947 2389 fidus,
975 2308 1012 2370 ut
1035 2306 1116 2372 occi·

69 2397 200 2461 4dendi
223 2394 371 2458 Attalum
393 2414 460 2458 non
487 2391 551 2455 alio
575 2392 724 2456 ministro
748 2391 797 2457 uti
820 2393 941 2458 mallet.
989 2392 1118 2460 Horum

105 2483 263 2570 cogitatio
287 2482 417 2547 subibat
439 2470 617 2546 exercitum'
632 2480 869 2564 seditiosaeque
887 2502 981 2546 voces
999 2483 1117 2548 refere-

105 2573 224 2638 bantur
242 2572 283 2636 ad
300 2591 419 2656 regem.
456 2568 534 2645 Quis
553 2568 608 2632 ille
627 2568 714 2632 haud
738 2590 815 2633 sane
839 2573 947 2634 motus
971 2572 1117 2656 satisque

105 2661 261 2745 prudens,
294 2659 352 2723 otii
379 2659 459 2723 vitia
484 2657 618 2742 negotio
647 2658 778 2741 discuti,
805 2658 913 2741 edicit,
940 2663 978 2724 ut
1004 2681 1117 2725 omues

72 2751 143 2814 tin
170 2748 330 2813 vestibulo
358 2748 467 2830 regiae
494 2750 623 2828 praesto
652 2746 726 2810 sint.
773 2745 860 2822 Quos
890 2747 945 2811 ubi
967 2748 1117 2831 frequen

105 2842 155 2901 tes
189 2837 301 2901 adesse
333 2835 499 2920 cognovit,
528 2834 562 2897 in
594 2833 777 2898 contionem
804 2836 971 2918 processit.
1021 2835 1117 2902 Haud

107 2925 202 2989 dubie
221 2947 259 2988 ex
279 2923 447 3007 conposito
466 2921 639 2986 Atharrias
658 2924 821 3005 postulare
840 2924 959 3007 coepit,
981 2927 1018 2988 ut
1031 2924 1118 3008 Lyn-

107 3017 212 3078 cestes
226 3012 416 3090 Alexander,
434 3012 490 3094 qui
507 3011 611 3074 multo
630 3015 705 3075 ante
724 3033 822 3095 quam
840 3012 986 3077 Philotas
1005 3034 1118 3096 regem

72 3101 265 3167 evoluisset
292 3101 448 3177 occidere,
480 3099 692 3163 exhiberetur.
738 3099 768 3164 A
796 3100 919 3165 duobus
946 3100 1119 3184 indicibus,

108 3192 192 3254 sicut
210 3210 307 3273 supra
326 3188 473 3271 diximus,
496 3188 621 3252 delatus
639 3187 772 3252 tertium
790 3188 857 3252 iam
877 3211 996 3273 annum
1014 3194 1119 3257 custo·

108 3278 256 3343 diebatur
279 3278 314 3340 in
331 3278 478 3342 vinculis.
520 3275 667 3340 Eundem
685 3277 719 3340 iu
737 3276 881 3360 Philippi
904 3299 1031 3362 quoque
1049 3301 1117 3344 cae·

100 3367 176 3426 dem
200 3366 388 3430 coniurasse
413 3387 485 3430 cum
507 3362 670 3429 Pausania
692 3387 751 3448 pro
780 3369 933 3448 conperto
960 3366 1036 3452 fuit,
1064 3367 1119 3433 sed

79 3449 161 3523 qula
180 3452 319 3531 primus
342 3453 574 3522 Alexandrum
593 3475 709 3542 regem
725 3453 938 3538 salutauerat,
958 3456 1119 3539 supplicio
