2356 3846
110 165 176 233 272
484 167 516 234 Q.
536 165 647 222 CURTI
665 164 754 221 RUFI

546 378 627 447 Cur.
650 380 690 447 V.

75 504 89 552 r
141 510 145 521 ¹
197 488 407 555 Intuentibus
439 487 592 552 lacrimae
623 487 757 554 obortae
784 486 960 572 praebuere
989 485 1131 571 speciem
1142 486 1170 553 14

108 580 175 644 iam
206 600 273 643 non
304 597 428 662 regem,
465 575 522 641 sed
557 577 655 642 funus
688 576 757 642 eius
791 576 928 642 visentis
961 575 1133 643 exercitus.

74 680 90 729 a
109 667 239 734 Maeror
261 669 372 732 tamen
395 665 673 731 circumstantium
695 665 819 731 lectum
846 664 1026 730 eminebatz
1051 685 1133 748 qnos

109 760 146 821 ut
168 777 226 821 rex
251 754 415 840 adspexit,
445 752 667 837 ‘Invenietis,'
694 754 814 839 inquit,
841 752 931 820 ‘oum
954 774 1133 837 excessero,

74 845 245 931 sdignum
272 844 395 910 talibus
422 843 503 908 viris
526 841 675 929 regem?’
708 842 902 908 Incredibile
928 841 1019 907 dictu
1042 841 1132 908 audi·

109 937 223 1018 tuque,
251 932 286 998 in
309 933 421 999 eodem
443 931 561 997 habitu
584 931 744 1015 corporis,
771 932 807 996 in
830 952 926 1016 quem
954 951 989 995 se
1013 951 1133 1016 conpo

110 1025 233 1105 suerat,
262 1043 335 1087 cum
359 1020 559 1087 admissurus
582 1020 706 1086 milites
729 1024 829 1105 esset,
860 1020 1007 1103 durasse,
1030 1019 1132 1085 donec

110 1113 218 1176 atoto
242 1111 386 1177 exercitu
409 1109 492 1175 illud
514 1109 668 1174 ultimum
690 1110 911 1193 persalutatus
933 1111 996 1173 est:
1021 1107 1132 1174 dimis-

110 1220 211 1283 soque
234 1199 334 1283 vulgo
357 1198 447 1264 velut
466 1199 556 1263 omni
573 1199 662 1263 vitae
680 1198 790 1264 debito
810 1198 969 1263 liberatus
987 1195 1132 1283 fatigata

73 1287 257 1352 4membra
291 1287 411 1352 reiecit.
460 1285 664 1371 Propiusque
697 1286 787 1352 'adire
817 1286 917 1351 iussis
949 1285 1065 1351 amicis
1091 1320 1129 1332 —

110 1398 188 1441 nam
214 1376 247 1440 et
269 1397 332 1441 vox
355 1375 490 1441 deficere
516 1376 583 1440 iam
606 1381 757 1459 coeperat
782 1410 820 1422 —
846 1374 1031 1440 detractum
1054 1396 1131 1440 anu·

109 1465 178 1529 lum
210 1463 316 1548 digito
348 1462 521 1530 Perdiccae
553 1463 689 1529 tradidit
722 1463 857 1530 adiectis
888 1463 1069 1548 mandatis,
1095 1464 1141 1529 ut

75 1565 91 1614 s
111 1574 226 1637 corpus
245 1575 339 1629 suurn
359 1553 399 1616 ad
416 1551 636 1618 Hammonem
654 1552 734 1618 ferri
750 1552 908 1619 iuberent
940 1551 1154 1628 Quaerenti-

109 1641 234 1726 busque
252 1640 318 1725 his,
343 1641 395 1705 cui
413 1641 613 1725 relinqueret
631 1661 782 1726 regnum,
809 1640 992 1726 respondit,
1016 1641 1049 1706 ei
1076 1642 1161 1726 qui

111 1735 198 1795 esset
225 1729 382 1813 optimus:
409 1732 553 1795 ceterum
580 1729 751 1815 providere
779 1729 846 1795 iam
869 1750 918 1810 se,
941 1729 983 1795 ob
1007 1729 1043 1794 id
1065 1750 1154 1796 cer·

75 1822 221 1883 stamen
257 1837 395 1902 magnos
431 1818 584 1883 funebres
615 1817 708 1884 ludos
740 1820 850 1902 parari
882 1817 955 1883 sibi.
1005 1816 1149 1886 Rursus

109 1905 262 1972 Perdicca
280 1907 513 1991 interrogante,
534 1904 664 1990 quando
683 1908 839 1972 caelestes
857 1906 998 1971 honores
1016 1906 1144 1972 haberi

111 1994 175 2059 sibi
200 1996 312 2078 vellet,
339 1994 434 2074 dixit,
457 1999 530 2060 tum
559 1995 654 2079 velle,
682 2016 756 2059 cum
782 1995 849 2080 ipsi
874 1994 985 2061 felices
1013 2001 1133 2062 essent.

111 2081 271 2167 Suprema
288 2082 370 2148 haec
388 2105 451 2149 vox
468 2082 533 2147 fuit
551 2083 639 2167 regis
659 2085 693 2150 et
710 2084 807 2167 paulo
826 2086 903 2168 post
919 2083 1128 2169 extinguitur.

77 2185 92 2234 7
200 2170 251 2236 Ao
272 2172 380 2254 primo
404 2172 536 2254 ploratu
557 2171 774 2255 lamentisque
798 2176 831 2237 et
852 2172 1039 2256 planctibus
1059 2173 1170 2243 totali.

111 2260 203 2343 regia
220 2260 432 2342 personabat:
455 2281 532 2325 mox
549 2260 641 2325 velut
659 2260 694 2325 in
711 2264 806 2326 vasta
825 2255 1003 2326 solitudine
1021 2261 1123 2327 omnia
1168 2312 1170 2319 .

111 2347 201 2412 tristi
228 2348 359 2413 silentio
387 2350 478 2412 muta
505 2348 694 2431 torpebant,
722 2348 763 2412 ad
792 2349 1024 2434 cogitationes,
1053 2348 1122 2435 quid
1168 2364 1170 2373 ·

76 2449 92 2499 8
112 2434 227 2500 deinde
252 2435 400 2501 futurum
424 2439 519 2518 esset,
542 2437 655 2502 dolore
678 2457 843 2503 converso.
878 2436 1016 2505 Nobiles
1039 2437 1122 2523 pueri

111 2524 277 2591 custodiae
304 2524 451 2609 corporis
479 2526 548 2590 eius
579 2524 705 2590 adsueti
732 2547 792 2591 nec
820 2524 942 2592 doloris
969 2527 1123 2614 magnitu-

111 2612 219 2677 dinem
251 2634 366 2696 capere
398 2634 458 2678 nec
488 2635 523 2678 se
550 2613 640 2697 ipsos
672 2614 759 2678 intra
789 2615 992 2680 vestibulum
1022 2616 1123 2702 regiae

111 2705 222 2776 tenere
239 2705 430 2786 potuerunt:
448 2702 587 2787 vagique
606 2707 640 2767 et
657 2700 841 2768 furentibus
860 2703 985 2769 similes
1003 2708 1124 2770 tantam

105 2790 226 2855 'urbem
247 2791 338 2856 luctu
362 2811 399 2855 ac
423 2811 568 2854 maerore
592 2790 823 2875 conpleverant
841 2792 941 2859 nullis
961 2794 1124 2875 questibus

77 2879 251 2963 somissis,
280 2900 362 2963 quos
390 2880 425 2943 in
452 2877 513 2967 tali
541 2900 618 2944 casu
643 2879 738 2945 dolor
760 2880 915 2967 suggerit
960 2880 1054 2968 Ergo
1076 2881 1127 2967 qui

113 2969 205 3030 extra
218 2968 344 3051 regiam
359 2967 564 3050 adstiterant,
582 2966 775 3034 Macedones
789 2969 912 3053 pariter
925 2969 1128 3056 barbarique,

112 3058 308 3119 concurrunt
324 3076 384 3119 nec
404 3058 557 3140 poterant
575 3056 653 3121 victi
672 3077 691 3120 a
709 3056 889 3123 victoribus
912 3058 949 3123 in
967 3060 1129 3127 communi

113 3140 224 3207 dolore
243 3143 389 3208 discerni.
425 3143 545 3210 Persae
563 3144 779 3211 iustissimum
798 3167 836 3212 ac
850 3145 1067 3215 mitissimum
1078 3148 1129 3215 do

112 3230 252 3315 minum,
269 3230 463 3298 Macedones
483 3233 642 3316 optimum
662 3254 700 3298 ac
714 3233 930 3300 fortissimum
953 3256 1069 3322 regem
1085 3238 1131 3303 in·

62 3330 96 3380 10
114 3322 267 3384 vocantes
295 3329 458 3386 certamen
490 3321 653 3405 quoddam
680 3323 839 3389 maeroris
866 3323 1018 3392 edebant
1063 3324 1131 3393 Neo

106 3412 309 3473 maestorum
351 3409 471 3494 solum,
512 3409 567 3473 sed
610 3411 708 3475 etiam
750 3410 995 3497 indignantium
1035 3436 1131 3483 voces

95 3495 380 3586 exaudiebantur,
413 3503 487 3567 tam
518 3499 661 3566 uiridem
691 3502 727 3564 et
752 3499 793 3563 'in
812 3500 896 3566 bore
923 3502 1045 3569 aetatis
1066 3502 1130 3571 for·

81 3582 255 3673 trinaeque
285 3591 422 3660 invidia
454 3592 561 3660 deum
587 3593 745 3676 ereptum
771 3608 845 3652 esse
868 3585 1149 3652 sessanum„
