2356 3846
505 225 718 272 ..VI-

103 367 260 450 incertus‚
307 366 397 430 cuius
437 365 586 432 libellum
627 367 752 450 primus
794 364 893 448 edidi,
935 367 1049 430 auctor
1086 366 1126 432 de

104 456 246 520 enceniis
271 454 476 539 imperatoris
499 456 754 539 pretiosissimis.

193 544 243 609 De
280 544 430 609 omnibus
467 551 575 610 autem
613 545 681 609 fere
716 544 814 609 rebus
851 565 871 607 a
907 541 1125 609 Constantino

103 632 224 718 Magno
255 634 356 718 gestis
389 654 462 697 cum
494 638 610 717 poetae
637 653 808 717 rerumque
837 633 1013 716 scriptores
1046 654 1127 698 vera

104 744 177 786 cum
201 723 286 788 fictis
306 725 338 788 et
360 722 456 806 plane
475 722 568 789 falsis
588 724 759 788 miscentes
780 723 832 786 sat
850 722 970 786 multas
994 721 1127 787 fabulas

104 812 319 877 confinxerint
343 811 547 896 gloriamque
569 803 777 897 imperatoris
801 811 946 875 omnium
973 810 1125 876 christia·

102 902 230 966 nissimi
262 901 324 966 fide
356 901 509 965 narrandi
541 923 674 985 prorsus
707 900 858 985 neglecta
890 903 1050 985 augentes
1085 899 1124 964 ad

102 995 250 1054 nostram
273 990 464 1055 memoriam
487 990 687 1074 rettulerint3
712 1011 809 1074 quam
833 988 972 1053 maxime
996 989 1038 1054 ad
1062 989 1126 1056 hoc

102 1083 232 1164 tempus
252 1080 370 1144 mirum
389 1079 453 1143 fuit
472 1079 511 1143 de
531 1080 591 1164 eis,
615 1100 697 1164 quae
716 1077 867 1143 iuvenis
887 1075 1126 1144 Constantinus

102 1169 275 1253 perfecerit
307 1168 488 1253 quibusque
501 1183 507 1195 ·
520 1169 587 1232 iam
618 1168 744 1233 iuvenis
774 1167 933 1232 honorem
965 1187 1125 1252 magnum

50 1337 55 1349 ¹
102 1257 240 1343 adeptus
264 1280 334 1322 esse
357 1257 496 1342 dicatur,
527 1278 638 1322 omnes
663 1257 836 1341 scriptores
860 1256 927 1320 fere
949 1255 1035 1320 nihil
1059 1260 1126 1322 tra-

102 1346 176 1410 dere
201 1346 400 1411 altissimum
423 1348 569 1412 tenentes
594 1346 769 1410 silentium.
804 1343 900 1410 Nunc
918 1367 995 1411 vero
1019 1345 1126 1412 habes

102 1435 202 1499 etiam
239 1435 278 1500 de
315 1435 481 1500 iuventute
518 1435 725 1520 imperatoris
757 1434 981 1499 inlustrissimi
1015 1433 1127 1518 ‘opus-

101 1522 223 1589 culum'
247 1523 359 1588 multis
383 1525 500 1608 quibus
523 1523 611 1589 haud
634 1546 769 1607 parvam
790 1523 899 1608 capias
918 1524 1128 1608 voluptatem

99 1612 222 1677 fabulis
245 1613 423 1677 abundans.

190 1700 239 1766 De
261 1701 379 1766 harum
401 1701 589 1767 fabularum
617 1702 763 1767 fontibus
788 1702 882 1771 etde
906 1722 1037 1787 genere,
1061 1724 1128 1788 quo

100 1790 244 1856 incertus
271 1790 325 1856 hic
353 1793 466 1856 auctor
492 1791 527 1856 in
557 1792 604 1855 eis
634 1790 804 1856 narrandis
837 1812 914 1856 usus
948 1795 1013 1874 est,
1049 1793 1128 1856 scri·

101 1879 198 1943 bendi
217 1880 378 1964 rebusque
397 1883 522 1962 ceteris,
544 1902 626 1965 quae
645 1879 768 1945 adhoc
787 1876 982 1964 opusculum
1000 1881 1128 1946 rectius

101 1969 343 2052 percipiendum
367 1967 543 2048 attineant,
567 1969 633 2033 alio
657 1969 729 2034 loco
754 1991 825 2034 sum
850 1969 1068 2054 expositurus.

190 2055 342 2122 Codicum
348 2108 357 2142 ‚
381 2079 420 2122 ex
440 2059 557 2142 quibus
575 2058 673 2122 huius
685 2059 769 2146 libri
790 2080 848 2143 per
867 2059 972 2123 multa
989 2059 1128 2124 saecula

100 2145 232 2211 silentio
260 2167 395 2230 prorsus
425 2147 577 2212 exstincti
604 2147 795 2212 memoriam
818 2148 1017 2231 repetiturus
1042 2170 1127 2232 sum,

99 2235 220 2300 altera
239 2257 291 2300 me
310 2234 466 2299 litteraD
483 2236 684 2320 significatus
704 2239 754 2300 est
773 2236 990 2301 bibliothecae
1011 2237 1127 2321 regiae

98 2324 247 2409 publicae
266 2323 459 2389 Dresdensis
483 2323 516 2390 ‘J
537 2323 614 2408 46’,·
631 2324 672 2389 ad
691 2347 789 2409 quam
808 2346 894 2390 anno
916 2325 1002 2390 1832
1024 2324 1054 2390 ‘e
1075 2330 1126 2390 ta·

98 2413 225 2479 bulario
250 2412 352 2500 regio'
375 2414 533 2499 pervenit.
576 2411 722 2496 Scriptus
747 2416 809 2498 est,
837 2414 871 2478 icl
895 2413 981 2498 quod
1006 2435 1046 2478 ex
1071 2415 1127 2479 lit

98 2507 243 2569 terarum
275 2504 534 2589 conscriptarum
568 2523 687 2588 genere
721 2503 837 2586 elucet,
870 2502 999 2568 saeculo
1032 2501 1125 2568 XIV.

100 2595 133 2656 et
152 2592 298 2657 continet
315 2592 404 2657 foliis
429 2592 521 2656 1-9
540 2591 603 2657 hoc
627 2592 832 2675 opusculum,
856 2592 908 2656 cui
926 2591 1044 2656 titulus
1073 2592 1125 2658 ‘de

98 2683 211 2745 sancta
238 2679 376 2745 Helena'
405 2680 579 2764 inscriptus
609 2683 671 2762 est3
699 2679 788 2744 foliis
817 2680 837 2743 9
866 2685 899 2744 et
928 2681 970 2744 10
998 2680 1125 2766 legitur

101 2764 273 2833 ‘Coronica
300 2768 483 2853 principum
511 2767 736 2833 Misnensium'
765 2767 851 2834 edita
876 2769 910 2834 in
933 2768 1125 2836 Menckenii

102 2857 250 2938 scriptor.
273 2878 331 2921 rer.
356 2878 456 2942 germ.
479 2856 528 2921 ΠΙ
551 2879 582 2941 p.
606 2858 680 2922 346.

92 3003 95 3006 ,
187 2943 323 3009 Minoris
351 2947 449 3030 pretii
473 2947 523 3010 est
546 2945 629 3010 alter
654 2946 753 3011 codex
783 2947 1003 3012 bibliothecae
1027 2968 1124 3034 gym-

97 3033 182 3098 nasii
211 3033 377 3098 Albertini
404 3034 628 3120 Fribergensis
657 3031 808 3101 Saxonici
839 3034 1000 3101 litteral*
1024 3059 1045 3102 a
1070 3060 1123 3103 me

96 3125 231 3187 notatus
251 3123 372 3187 saeculi
391 3122 462 3189 XV.
482 3145 555 3188 cum
574 3124 648 3189 aliis
668 3123 833 3190 codicibus
856 3148 922 3191 uno
941 3124 1124 3211 eodemque

98 3211 264 3277 volumine
283 3212 536 3296 comprehensus
559 3213 742 3298 significato
767 3211 825 3279 ‘Ol
845 3213 917 3279 Vll.
936 3213 1012 3280 Frb.
1034 3214 1125 3282 141'.

95 3299 134 3366 In
170 3299 234 3366 fine
260 3299 356 3365 huius
386 3301 508 3368 codicis
536 3302 634 3367 rubro
663 3302 771 3367 colore
802 3306 937 3368 exarat-a
963 3303 1125 3387 leguntur

93 3390 192 3456 haec:
212 3389 369 3477 ‘Explicit
388 3390 527 3456 historia
547 3389 753 3456 Constantini
773 3392 979 3476 imperatoris
999 3391 1125 3460 Roma·

78 3501 204 3548 norum
231 3487 267 3551 et
290 3479 493 3551 Greccrum'.
