2356 3846
229 165 487 222 HISTORIAM
500 165 720 222 ALEXANDRI
737 166 777 234 V,
795 172 873 222 r-e.
1008 164 1069 228 101

57 311 273 377 sollicitentur
299 310 409 376 animi.
452 309 560 376 Meam
585 310 751 375 fortunam
776 314 885 392 tamen
908 330 1004 394 quam
1026 310 1071 374 vi-

56 400 157 465 ctoris
180 399 339 464 maluistis
362 399 465 483 sequi,
492 397 687 483 dignissimi,
714 398 845 482 quibus,
867 398 895 463 si
922 418 982 482 ego
1004 418 1072 462 non

55 488 193 572 possim,
221 487 254 552 di
279 508 339 571 pro
366 507 419 550 me
441 487 580 572 gratiam
602 485 753 551 referant.
797 484 855 570 Et,
882 485 1071 568 mehercule,

55 575 206 640 referent.
250 572 351 639 Nulla
376 574 438 638 erit
463 578 531 639 tam
558 573 656 639 surda
676 575 862 658 posteritas,
891 574 982 638 nulla
1003 577 1071 639 tam
1091 591 1125 641 ιο

55 664 187 748 ingrate
217 662 318 741 fama,
350 683 432 747 quae
463 683 531 726 non
561 661 598 726 ιιι
626 662 749 726 caelum
776 683 834 726 vos
862 661 978 726 debitis
1004 662 1072 726 lau·

9 749 152 816 essibus
184 750 277 815 leret.
325 749 440 834 ltaque
469 749 595 815 etiamsi
623 749 792 816 consilium
818 749 929 834 fugae,
960 770 981 813 e
1008 771 1073 834 qua

55 839 197 903 multum
219 838 373 903 abhorret
394 839 530 922 animus,
552 838 736 922 agitassem,
756 841 865 902 restra
882 841 991 901 tamen
1009 839 1070 901 rir-

55 929 126 991 tute
157 926 260 991 iratus
292 926 421 990 obviam
451 927 550 991 issem
580 926 676 990 hosti.
721 924 895 1008 Quousque
922 926 1009 989 enim
1035 925 1071 988 ιιι
1090 944 1123 992 11

54 1033 157 1098 regno
190 1013 341 1078 exulabo
356 1017 391 1078 et
420 1035 478 1096 per
508 1013 589 1077 fines
620 1013 747 1096 imperii
775 1014 837 1077 mei
869 1012 992 1097 fugiam
1019 1033 1070 1076 ex-

55 1105 185 1166 ternum
214 1105 247 1166 et
274 1101 430 1166 advenam
458 1122 580 1186 regern,
615 1123 688 1166 cum
714 1101 811 1165 liceat
837 1104 967 1184 experto
995 1101 1072 1164 belli

55 1189 223 1254 fortunam
246 1192 302 1253 aut
323 1210 482 1273 reparare,
504 1209 586 1272 quae
609 1188 712 1272 amisi,
734 1191 790 1252 aut
812 1189 950 1253 honesta
968 1191 1071 1252 morte
1130 1230 1136 1239 «

56 1276 211 1362 defungi?
245 1274 318 1341 Nisi
340 1276 424 1342 forte
447 1277 549 1341 satius
571 1280 621 1342 est
643 1277 811 1360 expectare
833 1277 964 1341 victoris
987 1276 1124 1349 arbi-12

54 1364 156 1428 trium
185 1369 219 1428 et
240 1363 363 1428 Mazaei
391 1367 424 1428 et
449 1363 620 1429 Mithrenis
648 1365 791 1447 exemplo
818 1365 998 1447 precarium
1020 1385 1071 1428 ac-

56 1452 163 1534 cipere
184 1471 319 1553 regnum
341 1453 483 1516 nationis
501 1452 605 1536 unius,
627 1453 691 1516 ut
681 1473 747 1516 1am
765 1453 857 1516 malit
874 1452 928 1516 ille
949 1452 1070 1536 gloriae

57 1560 134 1603 suae
159 1561 255 1623 quam
272 1539 339 1604 irae
358 1539 501 1623 obsequi.
536 1501 606 1604 Ned
623 1539 657 1603 di
675 1539 818 1624 siverint,
840 1544 877 1604 ut
894 1540 956 1603 hoc
975 1539 1071 1604 decus
1091 1563 1123 1612 13

56 1627 122 1691 mei
148 1626 264 1711 capitis
287 1631 344 1691 aut
366 1627 492 1691 demere
515 1626 595 1691 mihi
618 1627 798 1727 quisquam
810 1631 867 1691 aut
889 1628 1071 1692 condonare

49 1716 167 1797 pares·
198 1734 252 1780 nec
272 1734 324 1797 eqo
346 1714 439 1780 hoc
430 1715 601 1798 1mperium
623 1715 714 1779 vivus
737 1715 898 1797 amittam,
925 1714 1072 1798 idemque

57 1802 119 1866 erit
144 1801 238 1886 regni
263 1802 341 1885 mei,
372 1803 428 1885 qui
451 1802 597 1885 spiritus,
618 1802 702 1866 finis.
747 1799 781 1865 Si
804 1801 857 1866 hic
880 1803 1021 1885 enimus,
1044 1803 1072 1866 si

56 1888 137 1954 haec
164 1890 229 1971 lex,
254 1889 336 1954 nulli
363 1910 431 1955 non
456 1893 550 1973 parta
571 1890 704 1954 libertas
727 1892 789 1954 est:
820 1911 915 1954 nemo
939 1911 956 1953 e
978 1890 1071 1953 vobis
1091 1914 1124 1962 14

56 1976 222 2042 festidium
254 1976 480 2060 Macedonum,
512 1999 607 2042 nemo
635 1978 760 2043 vultum
787 1978 960 2060 superbum
987 1977 1071 2042 ferre

57 2066 200 2150 cogetur.
235 2062 301 2129 Sua
318 2064 431 2148 cuique
450 2065 580 2130 dextera
598 2069 655 2130 aut
672 2066 827 2145 ultionem
845 2068 896 2129 tot
913 2065 1071 2130 malorum

55 2152 163 2236 pariet
189 2155 245 2216 aut
270 2153 375 2218 finem.
419 2150 592 2237 Equidem,
624 2174 721 2236 quam
748 2153 916 2218 versabilis
938 2154 1072 2218 fortuna
1091 2175 1124 2224 15

57 2240 108 2322 sit,
130 2238 359 2304 documentum
381 2241 451 2324 ipse
474 2262 544 2305 sum
566 2262 626 2305 nec
648 2241 798 2306 inmerito
821 2241 964 2306 mitiores
986 2241 1071 2306 vices

56 2326 125 2391 eins
149 2330 291 2410 expecto.
336 2324 399 2392 Sed
423 2328 450 2392 si
472 2328 559 2393 iusta
581 2349 619 2394 ec
638 2328 694 2412 pia
711 2328 797 2393 bella
819 2329 852 2392 di
874 2332 1072 2412 auersantru,

55 2414 196 2479 fortibus
227 2418 338 2479 tamen
368 2415 445 2480 viris
476 2415 588 2480 licebit
617 2415 753 2481 honeste
784 2416 875 2480 mori.
920 2415 983 2480 Per
1010 2437 1070 2500 ego
1091 2439 1124 2489 16

56 2521 115 2567 ros
147 2501 263 2566 decora
290 2503 462 2587 maiorum,
493 2503 548 2586 qui
576 2503 677 2568 totius
705 2503 844 2568 Orientis
870 2523 971 2588 regna
999 2525 1072 2568 cum

56 2589 260 2655 memorabili
289 2590 384 2654 laude
414 2594 600 2673 tenuerunt,
633 2612 690 2674 per
721 2590 794 2655 illos
824 2591 923 2673 viros,
955 2591 1071 2674 quibus

57 2676 255 2761 stipendium
277 2676 467 2743 Macedonia
489 2678 651 2762 quondam
673 2679 763 2757 tulit,
785 2698 844 2760 per
865 2682 917 2742 tot
938 2678 1070 2742 nerium

57 2765 178 2830 classes
208 2765 244 2828 in
271 2763 440 2829 Graeciam
471 2766 599 2849 missas,
630 2786 689 2848 per
718 2768 770 2830 tot
798 2769 931 2849 tropaea
957 2786 1069 2851 regum

58 2873 115 2919 oro
139 2855 174 2917 et
195 2853 353 2937 obtestor,
380 2857 419 2918 ut
440 2853 611 2917 nobilitate
631 2856 739 2919 vestra
761 2855 930 2939 gentisque
954 2854 1071 2938 dignos

56 2939 190 3024 spiritus
213 2940 361 3024 capiatis,
389 2944 427 3005 ut
449 2941 560 3006 eadem
582 2940 767 3006 constantia
789 2941 984 3025 animorum,
1008 2964 1071 3026 qua

56 3027 233 3112 praeterita
253 3028 425 3112 tolerastis,
450 3029 667 3113 experiamini,
689 3028 844 3113 quidquid
866 2992 984 3093 deinde,
1002 3029 1070 3095 fors

56 3114 182 3181 tulerit:
213 3136 266 3180 me
298 3115 423 3180 certe
414 3137 448 3180 ιιι
477 3125 667 3201 perpetuum
695 3121 752 3182 aut
778 3117 913 3183 victorie
941 3118 1071 3204 egregia
1090 3141 1122 3189 ιι

56 3202 245 3269 nobilitabit
266 3207 323 3269 aut
343 3202 475 3288 pugna?

490 3361 568 3428 Gis.
589 3361 645 3429 IX.

9 3465 47 3531 26
145 3465 236 3532 Haeo
272 3467 397 3533 dicente
428 3467 535 3532 Dareo
572 3469 751 3551 praesentis
784 3469 917 3554 periculi
948 3470 1106 3552 speciest

57 3555 202 3620 omnium
224 3555 320 3621 simul
343 3555 442 3623 corda
464 3556 661 3645 animosque
674 3557 824 3624 bursone
840 3555 1103 3639 pessumum,
