2370 3834
222 813 224 816 ·
348 822 396 923 u.
424 794 619 906 quari
652 822 806 907 auri

445 963 704 1034 mercennuu

206 1140 654 1240 ALEXANDRI
694 1141 945 1241 MAGNI

391 1331 721 1429 'uncuoorus
857 1377 860 1381 -

490 1489 601 1545 LIBER
618 1489 652 1545 X.

512 1632 591 1700 Gur.
614 1634 640 1699 I.

26 1865 48 1930 l
151 1864 259 1932 Isdem
279 1863 345 1928 fere
360 1863 472 1929 diebus
488 1859 648 1930 Cleander
661 1868 695 1929 et
709 1862 845 1930 Sitalces
861 1869 894 1930 et
908 1887 982 1931 oum
995 1868 1121 1951 Aga-1
1166 1870 1170 1877 '

61 1957 169 2022 thone·
191 1953 343 2020 Heracon
370 1952 613 2037 superveniunt,
641 1953 697 2037 qui
719 1952 969 2020 Parmenionem
991 1955 1084 2021 iussu

60 2043 150 2130 regie
169 2043 363 2109 occiderant.
398 2060 422 2107 v
441 2040 533 2106 milia
550 2041 697 2126 peditum
715 2063 788 2107 cum
803 2043 966 2127 equitibus
985 2044 1120 2125 millae

62 2133 120 2198 sed
139 2135 173 2196 et
190 2133 395 2196 accusatores
415 2151 508 2195 cose
528 2131 704 2214 provincia,
727 2131 779 2196 cui
797 2131 1013 2216 praefuerant,
1037 2155 1085 2199 se·

63 2222 261 2306 quebantur:
283 2241 343 2284 nec
361 2221 414 2283 tot
431 2218 591 2301 facinora,
615 2224 695 2302 quot
713 2219 927 2307 admiserant,
946 2243 1085 2306 conpen-

63 2331 136 2375 sare
163 2311 318 2392 poterant
344 2307 450 2373 caedis
478 2328 635 2391 perquam
662 2311 775 2392 gratam
800 2310 871 2394 regi
894 2309 1085 2378 ministerio.

63 2398 191 2483 Quippe
214 2419 288 2462 cum
311 2396 421 2462 omnia
443 2395 582 2479 profana
604 2396 813 2481 spoliassent,
836 2419 877 2462 ne
896 2399 997 2464 sacris
1016 2399 1123 2483 qui-3

63 2486 138 2552 dem
165 2486 392 2551 abstinuerant
417 2485 625 2570 virginesque
646 2487 680 2547 et
701 2485 865 2569 principes
888 2487 1086 2553 feminarum

64 2578 179 2659 stupra
196 2596 369 2659 perpessae
387 2594 560 2658 corporum
575 2571 717 2637 ludibria
730 2573 901 2640 deflebant.
938 2575 1085 2641 Invisum
1104 2591 1124 2640 4

63 2661 279 2730 Macedonum
305 2685 425 2728 nomen
453 2661 592 2727 avaritia
614 2683 726 2726 eorum
750 2683 788 2727 ac
810 2662 913 2729 libido
936 2665 1086 2729 barbaris

63 2751 193 2818 fecerat.
233 2751 324 2817 Inter
352 2773 463 2817 omnes
491 2755 603 2815 tamen
625 2751 788 2816 eminebat
811 2749 963 2817 Cleandri
985 2753 1085 2836 furor,
1105 2769 1123 2820 5

64 2842 121 2927 qui
142 2840 289 2907 nobilem
310 2840 472 2925 virginem
491 2843 736 2925 constupratam
756 2862 850 2906 servo
870 2863 928 2906 suo
947 2840 1087 2925 pelicem

28 2937 30 2940 ’
64 2930 205 2996 dederat
239 2929 390 3014 Plerique
414 2929 592 2995 amicorum
610 2927 786 2995 Alexandri
808 2951 876 2995 non
893 2933 962 2994 tam
980 2930 1123 2997 crimis

63 3041 153 3103 num,
167 3040 250 3103 quae
263 3019 373 3103 palam
387 3018 620 3100 obiciebantur,
635 3017 841 3084 atrocitatem
856 3041 954 3103 quam
967 3040 1088 3085 memo-

64 3108 149 3173 riam
165 3108 262 3173 ocoisi
276 3129 335 3192 per
347 3107 424 3172 illos
433 3106 668 3191 Parmenionis,
683 3106 770 3189 quod
783 3107 921 3173 tacitum
932 3107 1087 3192 prodesse

64 3197 131 3262 reis
160 3195 246 3280 apud
268 3216 380 3281 regem
402 3199 548 3280 poterat,
575 3195 799 3279 intuebantur,
827 3196 907 3260 laeti
932 3196 1087 3261 recidisse

64 3286 150 3350 iram
177 3286 213 3349 in
240 3285 308 3350 iras
339 3285 508 3350 ministros
536 3305 596 3350 nec
623 3284 726 3348 ullam
753 3285 937 3368 potentiam
965 3286 1086 3350 scelere

65 3371 249 3459 quaesitam
267 3374 419 3460 cuiquam
438 3394 508 3438 esse
528 3373 724 3438 diuturnam.
751 3373 821 3438 Rex
841 3374 973 3458 cognita
988 3394 1085 3439 causa
1105 3390 1125 3440 7

64 3462 293 3547 pronuntiavit
321 3463 362 3526 ab
387 3461 633 3528 accusatoribus
658 3483 768 3528 unum
792 3465 830 3526 et
852 3462 896 3524 'ru
914 3461 1116 3522 mammo

64 3550 186 3615 crimen
213 3571 284 3616 esse
301 3552 543 3643 praeteritum,
576 3552 862 3642 desperationem
883 3542 1018 3610 salutis
1037 3550 1148 3597 suas·-

107 3659 298 3707 ourauaauruu.
948 3644 989 3692 m
