2356 3846
250 156 504 214 HISTORIARUM
520 157 736 214 ALEXANDRI
753 157 828 229 VlII,
848 164 890 213 14.
1011 157 1077 221 225

63 306 146 387 tate,
170 325 267 389 quam
288 303 519 389 interrogando
542 303 658 369 fecisti.
692 302 865 369 Neminem
890 324 941 368 me
965 301 1077 367 fortic-

63 413 134 458 rem
157 413 228 458 ease
251 393 429 458 censebam.
473 392 563 457 Meas
587 391 673 456 enirn
695 414 850 458 noveram
872 393 970 475 vires,
996 413 1077 456 non·
1095 403 1129 452 43

64 481 142 546 dum
174 483 325 565 expertus
357 485 445 546 tuas:
485 480 655 546 fortiorem
687 501 756 545 esse
793 484 826 545 te
858 480 937 544 belli
968 479 1077 544 docuit

64 572 209 635 eventus
249 567 312 634 Sed
333 591 375 634 ne
397 569 445 634 sic
452 569 597 672 quidem
619 591 734 652 perum
756 569 836 633 felix
858 591 943 652 sum,
966 589 1077 633 secun·

64 658 125 723 dus
152 655 241 723 tibi'.
291 657 459 723 Rursus
449 679 484 722 m
484 653 681 741 terrogatus,
713 657 833 740 quid
823 679 893 740 1pse
920 657 1078 722 victorem

64 749 210 811 statuere
228 746 343 812 debere
362 749 520 829 censeret,
544 745 652 821 Quod
671 744 739 810 hic’
740 746 889 829 ,inquit
913 745 997 809 dies
1016 745 1079 809 tibi

64 835 193 918 suadet,
216 857 279 919 quo
304 837 454 919 expertus
478 856 525 918 es,
548 856 645 919 quam
666 795 786 899 cadtica
808 833 910 898 felicit
895 837 946 898 tas
970 831 1078 898 esset?

63 923 144 988 Plus
162 923 320 988 monendo
339 922 491 1008 profecit,
511 944 607 1007 quam
626 923 653 986 si
671 927 821 1007 precatus
840 926 939 987 esset:
959 922 1078 1006 quippe
1097 934 1132 983 44

64 1011 325 1096 magnitudinem
361 1012 462 1077 animi
495 1011 563 1076 eius
594 1011 776 1075 interritam
807 1032 845 1076 ac
875 1033 916 1074 ne
947 1010 1079 1075 fortuna

64 1099 196 1184 quidem
223 1101 394 1165 infractam
420 1122 487 1165 non
509 1099 731 1164 misericordia
758 1099 869 1183 modo,
900 1099 1078 1164 sedetiam

62 1186 188 1253 honore
215 1190 361 1273 excipere
387 1189 539 1290 dignatus
568 1192 626 1253 est
672 1188 816 1273 Aegrum
844 1150 970 1253 ciuravit
991 1186 1078 1251 haud
1097 1198 1131 1248 45

63 1298 168 1360 secus,
186 1298 282 1380 quam
301 1277 330 1342 si
347 1299 407 1362 pro
425 1277 497 1378 ipsc
516 1279 706 1361 pugnasset:
680 1277 952 1341 tconfirmatum
965 1279 1079 1341 eontra

63 1387 158 1449 spem
189 1367 335 1430 omnium
367 1367 401 1431 in
433 1365 610 1431 amicorum
639 1387 810 1430 numerum
837 1367 971 1449 recepit,
1003 1386 1079 1429 mcx

63 1453 201 1519 donavit
242 1455 398 1556 ampliore
434 1472 549 1554 regno,
591 1458 739 1536 quaint
724 1454 837 1519 tenuit.
895 1453 964 1519 Nec
1001 1476 1077 1518 sane
1097 1464 1131 1515 46

63 1543 239 1627 quicquam
284 1543 452 1627 ingenium
493 1541 562 1606 eius
604 1541 738 1606 solidius
779 1546 837 1607 aut
877 1543 1078 1607 constantius

61 1631 183 1696 habuit
168 1634 311 1715 tquam
343 1631 586 1696 admirationem
618 1651 713 1694 verae
744 1630 908 1695 laudist
875 1633 908 1694 et
939 1631 1079 1716 gloriae·

63 1719 247 1803 simplicius
278 1722 389 1785 tamen
419 1719 541 1784 famam
573 1718 807 1783 aestimabat
797 1741 832 1782 ιιι
858 1719 953 1783 hoste
982 1741 1078 1802 quam

62 1810 102 1874 in
124 1808 203 1873 cive.
248 1807 375 1893 Quippe
398 1830 418 1873 a
440 1807 506 1873 suis
530 1807 680 1872 credebat
706 1806 962 1892 magnitudinem
986 1830 1078 1872 suam

62 1896 192 1961 destrui
220 1918 331 1982 posse,
362 1897 495 1962 eandem
526 1895 697 1960 clariorem
728 1895 812 1979 fore,
844 1917 907 1980 quo
940 1897 1077 1965 maiores

40 1984 221 2070 inissent,
243 2005 323 2068 quea
346 1986 415 2071 ipse
438 1983 578 2052 vicisset.

467 2284 679 2293 Μ
