2356 3846
100 170 167 237 284
480 171 511 237 o.
532 168 646 245 cucur
662 169 749 225 surr

100 316 203 383 secuti
221 319 323 400 erant,
341 338 361 380 a
379 314 495 382 ceteris
514 315 672 381 discretos
691 313 876 398 elephantis
895 312 932 378 in
946 315 1124 397 conspectu

98 405 202 471 totius
230 405 391 470 exercitus
419 404 530 470 obicit.
576 402 760 488 Omnesque
787 402 959 468 beluarum
982 401 1124 486 pedibus

48 503 81 553 19
100 494 215 560 obtriti
236 497 314 559 sunt
336 515 395 558 nec
418 492 613 578 prohibente
633 491 786 576 Philippo
811 513 871 558 nec
889 494 1037 558 auctore:
1069 491 1125 559 ad·

100 582 299 667 parebatque
317 581 351 647 id
369 582 466 648 modo
484 603 544 666 pro
566 603 623 647 suo
637 579 885 667 vindicaturum,
905 580 992 665 quod
1005 580 1125 665 adpro-

101 671 213 737 basset
240 675 383 736 eventus.
432 669 505 736 Hoc
532 670 695 736 bellorum
722 668 868 734 civilium
889 667 1126 736 Macedonibus

49 770 83 819 20
103 762 137 824 et
159 782 254 826 omen
278 763 311 824 et
333 759 529 844 principium
552 759 624 824 fuit
668 757 834 844 Meleager
859 780 932 825 sero
955 758 1128 824 intellecta

101 847 214 914 fraude
238 848 410 914 Perdiccae
432 852 503 913 turn
526 847 671 933 quidem,
696 847 773 931 quia
794 846 898 930 ipsius
922 848 1054 932 corpori
1067 847 1128 913 'vis

48 947 169 1002 21non
200 936 419 1021 adserebatur,
450 937 486 1002 in
517 937 647 1021 agmine
680 935 809 1020 quietus
842 936 947 1001 stetit:
980 939 1017 1001 at
1048 957 1158 1015 mou¹

102 1025 257 1091 damnata
289 1048 345 1110 spe
378 1026 509 1111 salutis,
543 1047 616 1091 cum
646 1025 715 1090 eius
746 1024 892 1109 nomine,
924 1046 1023 1110 quem
1054 1025 1128 1110 ipsc

101 1113 224 1180 fecerat
255 1135 381 1200 regern,
411 1114 446 1180 in
473 1114 650 1199 perniciem
681 1134 774 1179 suam
802 1113 974 1179 abutentes
1001 1113 1129 1179 videret
1147 1148 1161 1174 s

101 1203 265 1288 inimicos,
301 1203 450 1287 confugit
481 1202 517 1267 in
547 1204 707 1286 templum
740 1224 791 1287 ac,
822 1223 863 1269 ne
895 1202 961 1269 loci
993 1202 1128 1287 quidem

101 1291 259 1376 religione
282 1291 445 1376 defensus,
467 1292 631 1358 occiditur.

541 1449 622 1516 CnP.
644 1449 685 1516 X.

68 1567 82 1614 1
191 1556 347 1622 Perdicca
378 1557 534 1641 perducto
566 1559 602 1623 in
632 1559 746 1623 urbem
779 1558 921 1623 exercitu
949 1557 1169 1629 consilium?

102 1645 287 1729 principum
309 1646 452 1712 virorum
475 1645 601 1732 habuit,
618 1646 653 1711 in
676 1669 739 1732 quo
762 1647 936 1730 imperium
956 1647 1005 1712 ita
1023 1646 1128 1713 dividi

102 1733 239 1818 placuit,
270 1737 307 1798 ut
334 1757 391 1799 rex
420 1734 550 1819 quidem
578 1757 739 1801 summam
767 1736 836 1801 eius
865 1735 1046 1821 obtineret,
1076 1757 1132 1802 sa-

102 1827 213 1906 trapes
240 1822 447 1888 Ptolemaeus
476 1823 622 1909 Aegypti
648 1829 724 1890 essct
749 1828 783 1889 et
809 1823 940 1890 Africae
965 1825 1139 1911 gentium,

68 1922 186 1997 cquae
209 1911 242 1977 in
264 1911 391 1977 dicione
415 1916 517 1977 erant
562 1911 777 1978 Laomedonti
801 1911 899 1996 Syria
923 1934 998 1978 cum
1021 1911 1142 1980 Phoe-

103 2000 176 2065 nice
200 1999 278 2064 data
300 2003 363 2083 est,
386 2000 538 2066 Philotae
558 1999 674 2066 Cilicia
694 2001 872 2084 destinata,
894 2000 1034 2086 Lyciam
1053 2024 1138 2069 curn

102 2087 299 2172 Pamphylia
322 2092 355 2153 et
376 2090 499 2154 maiore
517 2089 664 2174 Phrygia
686 2090 834 2156 obtinere
854 2091 962 2155 iussus
985 2089 1136 2176 Antigo-

102 2199 173 2260 nus,
195 2178 231 2241 in
249 2173 380 2241 Cariam
399 2175 589 2261 Cassander,
611 2177 788 2273 Menander
810 2178 847 2243 in
864 2177 1006 2264 Lydiam
1023 2179 1131 2246 missi.

103 2264 283 2350 Phrygiam
315 2265 474 2332 minorem
505 2266 717 2352 Hellesponto
748 2267 934 2334 adiunctam
964 2266 1129 2335 Leonnati

66 2353 305 2437 aprovineiam
333 2375 403 2419 esse
429 2354 602 2421 iusserunt.
647 2354 855 2440 Cappadocia
883 2355 1026 2423 Eumeni
1053 2379 1121 2424 cun

103 2441 332 2528 Paphlagonia
354 2442 465 2508 cessit:
487 2448 696 2528 praeceptum
716 2447 779 2524 est,
802 2448 840 2510 ut
861 2445 1033 2531 regionem
1054 2468 1121 2513 cam

104 2552 206 2616 usque
234 2531 276 2596 ad
303 2530 508 2616 Trapezunta
535 2530 721 2599 defenderet
746 2539 776 2598 et
799 2533 921 2599 bellum
940 2556 1015 2600 cum
1034 2534 1120 2619 Ario

69 2630 88 2678 4
105 2619 200 2686 rathe
220 2623 359 2705 gereret:
383 2619 472 2686 solus
492 2619 546 2686 hic
565 2621 767 2687 detrectabat
785 2622 969 2706 imperium.
1005 2622 1119 2690 Pithon

103 2707 255 2792 Mediam,
278 2707 495 2793 Lysimachus
522 2709 695 2776 Thraciam
716 2709 947 2796 adpositasque
965 2712 1119 2780 Thraciae

104 2796 257 2862 Ponticas
294 2802 409 2882 gentes
442 2798 589 2864 obtinere
626 2799 715 2865 iussi.
768 2798 831 2876 Qui
861 2798 975 2867 Indiae
1007 2801 1120 2887 quique

105 2885 233 2951 Bactris
261 2890 294 2951 et
322 2884 494 2972 Sogdianis
518 2887 697 2972 ceterisque
725 2891 782 2953 aut
805 2887 926 2954 Oceani
948 2891 1010 2955 aut
1035 2890 1121 2956 rubri

105 2974 206 3038 maris
230 2974 349 3039 accolis
372 2980 559 3060 praeerant,
582 2976 698 3061 quibus
722 2977 858 3062 quisque
880 2977 1002 3044 finibus
1023 2977 1121 3044 habu·

104 3061 186 3127 isset
211 3062 394 3148 imperium,
416 3064 602 3130 obtinerent
626 3065 791 3131 decretum
814 3069 877 3131 est:
909 3064 1066 3134 Perdicca
1088 3072 1122 3134 ut

105 3172 178 3215 cum
209 3171 286 3235 rege
314 3155 401 3217 esset
429 3153 594 3238 copiisque
622 3158 802 3238 praeesset,
829 3175 913 3240 quae
940 3176 1056 3242 regem
1077 3178 1122 3222 sc

69 3239 298 3324 squebantur.
353 3238 524 3308 Credidere
556 3242 688 3327 quidam
719 3245 916 3311 testamento
947 3241 1124 3311 Alexandri

105 3327 300 3394 distributas
323 3350 394 3393 esse
412 3331 606 3416 provincias,
630 3332 686 3397 scd
704 3331 827 3398 famam
846 3331 914 3401 eius
932 3333 991 3418 rei,
1014 3355 1124 3419 quarn·

43 3438 198 3568 ,rer
215 3417 266 3574 sl
284 3418 843 3597 escensurus
860 3421 1126 3596 snum

60 3593 234 3668 Partibus
259 3532 462 3687 prqudenter
491 3604 565 3691 ipsi
585 3535 833 3679 laudaverant,
858 3596 893 3660 si
912 3616 1074 3678 amomum
1092 3597 1144 3660 ab·
