2356 3846
223 148 479 207 HISTORIARUM
496 149 711 206 ALEXANDRI
729 151 821 219 VIIII,
840 158 864 207 8.
884 157 910 207 9.
1005 150 1069 214 251

54 295 162 361 labem
185 295 372 380 permittere
394 296 537 379 conpulit.
580 293 791 380 Navigabant
815 316 893 381 ergo
916 297 1105 380 omniumr

55 405 117 469 per
143 405 228 469 quae
255 382 455 468 terebantur,
487 384 603 469 ignari.
647 383 812 461 Quantum
839 384 915 449 inde
943 386 1072 450 abesset

59 493 167 556 mare,
198 493 280 557 quae
313 477 425 556 gentes
458 473 613 555 colerent,
645 494 744 557 quam
775 473 938 556 placidum
966 474 1069 538 amnis

56 582 109 645 os,
134 582 232 645 quam
259 561 388 645 patiens
415 561 587 646 longarum
611 562 744 626 navium
771 565 871 644 esset,
897 581 1014 645 anceps
1038 565 1071 626 et

55 668 155 715 caeca
176 649 363 714 aestimatio
390 649 627 733 augurabatur:
653 671 753 715 unum
781 653 852 714 erat
875 649 1069 715 temeritatis
1088 659 1104 706 3

55 737 218 803 solacium
244 740 401 822 perpetua
427 737 576 803 felicitas.
614 738 685 802 Iam
708 754 792 804 cccc
815 739 922 803 stadia
944 759 1070 822 proces·

55 828 177 909 serant,
194 846 267 891 cum
282 826 515 911 gubernatores
532 826 727 910 adgnoscere
741 827 829 910 ipsos
844 848 957 891 auram
970 826 1070 891 maris

56 917 93 979 et
117 913 207 980 haud
233 914 347 998 procul
373 914 474 979 rideri
501 915 566 980 sibi
594 913 757 982 Oceanum
784 915 898 979 abesse
925 915 1071 979 indicant

49 1003 138 1088 regi.
187 1001 306 1068 Laetus
346 1003 404 1067 ille
439 1002 566 1069 hortari
605 1003 754 1068 nauticos
794 1003 914 1086 coepit,
950 1004 1106 1068 ineam-4

56 1090 174 1156 borant
195 1091 305 1156 remis:
333 1091 445 1156 adesse
471 1091 569 1156 finem
591 1090 712 1156 laboris
736 1092 886 1156 omnibus
909 1093 995 1156 votis
1019 1113 1071 1155 ex-

55 1179 211 1263 petitum:
231 1178 298 1244 iam
315 1179 400 1244 nihil
418 1179 541 1264 gloriae
560 1179 679 1262 deesse,
696 1179 781 1244 nihil
799 1179 929 1244 obstare
947 1180 1071 1262 virtuti,

55 1267 129 1333 sine
146 1267 217 1333 ullo
233 1267 350 1333 Martis
369 1267 563 1352 discrimine,
581 1268 651 1333 sine
668 1269 826 1352 sanguine
841 1269 950 1333 orbem
964 1272 1071 1333 terrae

55 1356 101 1422 ab
128 1355 197 1421 illis
224 1355 311 1440 capi:
340 1377 380 1421 ne
404 1359 554 1421 naturam
577 1356 706 1440 quidem
728 1357 857 1440 longius
880 1378 976 1441 posse
999 1378 1071 1441 pro·

56 1443 182 1529 eadere,
205 1444 297 1509 brevi
318 1444 484 1529 incognita
505 1445 570 1509 nisi
588 1445 829 1511 immortalibus
848 1466 917 1510 esse
935 1445 1071 1510 visuros.

54 1532 184 1599 Paucos
211 1536 323 1598 tamen
348 1534 479 1618 navigio
500 1533 617 1610 ,emisit
637 1534 672 1597 in
695 1534 816 1616 ripam,
845 1534 902 1617 qui
925 1538 1106 1618 agrestes⁶

55 1640 160 1707 vagos
183 1622 378 1705 exciperent,
401 1621 555 1705 equibus
579 1622 719 1688 certiore
740 1622 833 1686 nosci
850 1643 946 1705 posse
965 1644 1072 1706 spera-

53 1709 126 1775 bat.
170 1708 227 1775 Illi
248 1709 384 1775 scrutati
407 1709 517 1775 omnia
539 1709 671 1793 tuguria
692 1710 824 1775 tandem
843 1711 984 1775 latentes
1003 1730 1072 1794 rep·

54 1818 180 1883 perere.
225 1797 289 1874 Qui
315 1799 522 1882 interrogati,
552 1820 649 1883 quam
675 1799 790 1882 procul
816 1798 945 1863 abesset
971 1807 1106 1882 marae

53 1885 294 1970 responderunt
328 1887 454 1952 nullum
488 1887 577 1970 ipsos
615 1908 704 1951 mare
740 1909 781 1952 ne
817 1886 906 1951 fama
942 1887 1072 1971 quidem

55 1975 230 2059 accepisse,
252 1977 395 2040 ceterum
414 1975 512 2040 tertio
531 1974 582 2039 die
600 1974 762 2059 perveniri
779 1997 875 2059 posse
893 1976 935 2040 ad
954 1997 1072 2059 aquam

57 2084 218 2147 amaram,
251 2083 332 2146 quae
360 2066 582 2146 corrumperet
607 2063 743 2129 dulcem.
787 2063 994 2128 Intellectum
1021 2067 1073 2128 est

56 2172 148 2217 mare
165 2151 324 2216 destinari
342 2152 383 2216 ab
402 2151 525 2236 ignaris
542 2153 677 2217 naturae
697 2153 773 2216 eius.
811 2150 927 2236 Itaque
944 2151 1071 2236 ingenti
1090 2160 1105 2209 t

51 2239 365 2305 alacritatenautici
378 2240 541 2325 remigant
552 2244 586 2305 et
599 2240 747 2324 proximo
763 2242 917 2324 [quoque]
933 2240 994 2324 die,
1009 2261 1072 2325 quo

56 2329 193 2413 propius
217 2349 291 2412 spes
311 2328 552 2413 admovebatur,
574 2329 741 2394 crescebat
762 2328 857 2393 ardor
881 2330 1071 2393 animorum.

56 2416 171 2482 Tertio
203 2417 269 2481 iam
300 2416 352 2480 die
383 2417 521 2481 mixtum
553 2417 679 2481 flumini
711 2416 843 2481 subibat
873 2438 974 2498 mare,
1006 2416 1073 2479 leni

57 2505 164 2571 adbuc
187 2508 280 2570 aestu
305 2503 520 2569 confundente
542 2504 687 2586 dispares
710 2504 821 2569 undas.
866 2503 951 2568 Tum
973 2504 1072 2568 aliam
1090 2514 1106 2563 8

56 2593 201 2659 insulam
227 2592 333 2658 medio
362 2592 450 2657 amni
475 2593 574 2658 sitam
597 2592 700 2658 evecti
722 2592 819 2676 paulo
844 2592 973 2676 lentius,
996 2592 1073 2676 quia

56 2704 171 2749 cursus
200 2684 289 2746 aestu
319 2681 601 2763 reverberabatur,
628 2680 792 2764 adplicant
815 2680 953 2745 classem
976 2680 1073 2745 etad

56 2773 259 2838 commeatus
282 2768 440 2853 petendos
463 2769 654 2852 discurrunt,
677 2769 783 2832 securi
800 2790 894 2833 casus
915 2769 993 2851 eius,
1016 2769 1072 2852 qui

9 2858 246 2944 bbsupervenit
266 2857 400 2943 ignaris.
437 2855 547 2921 Tertia
567 2855 671 2920 ferme
691 2856 773 2921 hora
792 2860 871 2940 erat,
894 2876 966 2921 cum
984 2860 1072 2921 stata
1090 2866 1107 2916 9

56 2949 128 3014 rice
146 2945 296 3012 Oceanus
320 2948 513 3011 exaestuans
534 2944 645 3009 invehi
668 2946 777 3027 coepit
797 2948 830 3009 et
846 2949 934 3009 retro
952 2944 1074 3010 flumen

56 3056 189 3122 urgere:
226 3034 311 3119 quod
342 3033 449 3117 primo
481 3034 671 3116 coercitum,
704 3032 817 3098 deinde
849 3032 1072 3099 vehementius

55 3125 190 3210 pulsnm
211 3123 335 3188 maiore
356 3123 481 3205 impetu
503 3121 675 3186 adversum
698 3122 869 3206 agebatur,
892 3144 990 3205 quam
1008 3126 1074 3186 tor·

57 3213 167 3279 tentia
190 3211 362 3296 praecipiti
389 3211 480 3276 alveo
508 3211 687 3276 incurrunt.
731 3209 851 3294 Ignota
874 3210 972 3295 vulgo
995 3210 1073 3275 freti
1093 3220 1126 3270 10

57 3306 179 3369 natura
206 3303 279 3366 erat
305 3303 513 3383 monstraque
537 3301 570 3363 et
591 3298 659 3362 irae
684 3297 779 3363 deum
801 3298 921 3363 indicia
943 3319 1072 3364 eernere

55 3391 261 3457 ridebantur.
305 3387 485 3453 Identidem
511 3389 729 3452 intumescens
756 3408 845 3452 mare
873 3391 907 3452 et
933 3388 968 3452 in
990 3408 1074 3452 cam-

56 3501 120 3564 pos
142 3477 241 3565 paulo
264 3480 339 3542 ante
358 3477 461 3542 siccos
480 3475 671 3542 descendere
690 3476 904 3560 superfusum.
939 3475 1073 3554 Iamque
1093 3485 1124 3534 11

54 3568 174 3633 rorare
197 3566 343 3652 navigiis
369 3571 406 3633 et
432 3569 509 3636 tota
533 3566 650 3639 ‚classe
676 3565 849 3651 dispersa,
870 3562 935 3643 opii
955 3559 1107 3635 ensesue
