2356 3846
169 45 425 109 ulsuourdussu
443 44 659 107 ALEXANDRI
678 45 712 111 11,
730 51 755 101 e.
775 52 800 102 e.
924 46 990 112 275

35 191 988 366 111111111111111
1007 293 1041 343 t

44 391 210 447 accersere
226 373 267 437 et
288 370 370 443 talia
398 370 608 437 suadentibus
638 371 778 437 oraculis
804 371 935 438 credere
957 375 991 437 et

35 460 222 548 ignanbbus
250 458 398 535 venerari
420 459 533 544 ipsum
560 460 783 528 vehementius
809 482 907 545 quam
929 483 991 546 par

35 554 57 616 1
88 548 199 634 mesu,
230 549 265 615 in
296 552 465 623 externum
500 548 650 619 habitum
687 553 814 617 mutare
846 551 990 635 eorporis

35 662 109 723 tum,
131 637 256 711 imitari
279 637 479 709 ansteum
502 638 649 723 gentium
670 660 791 725 mores,
814 661 895 723 quos
914 642 990 704 ante

35 729 142 801 oriam
156 730 337 812 spreverat.
372 727 443 798 Ian
461 727 662 796 iracundiam
680 730 713 793 et
726 727 909 812 cupidinem
923 728 991 794 vini
1008 738 1044 788 34

35 818 68 890 uti
88 817 221 891 iuventa
237 816 439 903 enaverat,
461 816 509 885 ita
527 820 676 884 senectus
698 817 850 902 mitigare
868 817 991 901 potuis·

70 905 252 979 Fatendum
273 908 326 972 est
348 909 472 990 tamen,
499 928 573 973 aum
600 906 778 991 plurimum
800 905 916 972 virtuti
937 905 990 971 de·
1009 916 1043 966 31

35 995 92 1078 rit,
123 995 197 1080 ptus
224 993 374 1066 estune
401 994 568 1081 fortunae,
600 1017 699 1079 quam
727 996 816 1062 eolus
847 995 991 1063 omnium

35 1084 160 1162 rtalium
178 1084 214 1155 in
231 1085 396 1168 potestate
410 1083 536 1153 habuit.
573 1083 730 1162 Quotiens
744 1085 837 1150 illum
851 1107 871 1153 a
885 1088 991 1151 morte

35 1172 151 1245 ocavit!
171 1172 320 1258 quotieas
339 1176 461 1241 temere
479 1173 516 1241 in
530 1174 677 1258 pericula
690 1176 819 1241 vectum
830 1177 993 1259 perpetua

35 1262 130 1335 ritate
162 1261 319 1346 preterit!
355 1260 459 1333 'Vitae
490 1283 617 1347 quoque
649 1262 912 1331 finem-eundem
939 1263 990 1329 illi
1009 1271 1044 1322 36

36 1374 69 1419 m
105 1351 231 1437 gloriae
263 1350 388 1426 statuit.
437 1350 660 1435 Expectavere
693 1373 768 1417 eum
799 1352 883 1437 fata,
915 1353 992 1417 dum

35 1443 107 1515 ento
130 1439 312 1524 perdomito
336 1439 490 1525 aditoque
508 1439 650 1525 Oceano,
673 1440 830 1527 quidquid
848 1441 992 1508 mortali-

48 1529 213 1614 capiebat,
235 1528 384 1614 inpleret.
682 1532 690 1548 ’

59 1617 147 1691 Huic
182 1617 254 1702 regi
286 1617 424 1703 ducique
456 1639 622 1697 successor
654 1618 878 1704 quaerebatur.
929 1616 992 1685 Sed
1010 1628 1045 1678 3⁷

35 1729 77 1778 ..or
99 1707 203 1780 moles
226 1709 311 1786 erat,
338 1729 437 1791 quaen
463 1710 502 1773 ut
528 1729 612 1775 unue
640 1708 748 1775 subire
771 1729 843 1782 eam
866 1711 992 1792 posset:

35 1818 80 1882 pue
105 1817 228 1867 nomen
255 1816 382 1880 queque
407 1796 476 1863 eius
504 1799 538 1862 et
565 1796 653 1864 fama
679 1819 788 1863 rerum
819 1795 855 1862 in
885 1799 993 1862 totum

35 1883 207 1972 pemodum
235 1883 347 1953 orbem
375 1905 470 1970 reges
493 1906 537 1954 ae
563 1905 666 1970 regna
697 1884 826 1951 diffudit
854 1884 994 1952 clarissi-

35 1997 84 2061 [110
115 1976 193 2044 sunt
219 1972 339 2058 hahiti,
372 1975 428 2060 qui
460 1974 559 2041 etiam
587 1975 741 2041 minimae
767 1975 854 2058 parti
881 1977 994 2040 tantae

35 2070 128 2134 tunae
151 2061 379 2134 adhaeserunt.

407 2220 486 2299 Cur.
509 2222 566 2289 VI.

65 2328 219 2399 Ceterum
237 2328 406 2414 Babylone
424 2363 468 2376 -
482 2328 556 2397 inde
570 2329 657 2396 euim
677 2329 816 2398 devertit
830 2330 937 2395 oratio
953 2365 993 2378 -
1014 2340 1028 2388 1

35 2419 123 2505 poris
151 2418 220 2488 eius
247 2417 397 2486 custodes
419 2417 455 2482 in
480 2417 607 2502 regiam
629 2417 793 2502 principes
817 2418 995 2484 amicerum

35 2512 139 2594 ‚esque
175 2507 341 2592 copiarum
374 2505 580 2573 adnotavere.
629 2503 748 2572 Secuta
773 2510 825 2572 est
849 2506 996 2573 militum

35 2598 74 2667 ba
105 2596 305 2682 cupientium
335 2597 431 2675 scire,
462 2595 498 2662 in
529 2614 626 2680 quem
658 2595 837 2661 Alexandri
862 2595 995 2662 fortuna

35 2690 64 2755 et
90 2685 279 2755 1111111111.
323 2683 421 2754 Multi
446 2683 546 2752 duees
573 2683 758 2770 frequentia
780 2683 923 2750 militum
945 2695 1030 2750 err-2

35 2776 59 2843 si
91 2775 218 2862 regiam
244 2775 371 2842 intrare
403 2795 469 2842 non
496 2776 662 2860 poterant,
692 2796 766 2840 cum
793 2794 911 2860 praeco
942 2796 995 2840 ex·

36 2865 94 2951 tis,
131 2864 187 2950 qui
222 2863 417 2931 nominatim
453 2864 645 2948 citarentur,
677 2863 767 2930 adire
798 2862 996 2949 prohiberet.

35 2955 42 3020 1
73 2953 254 3038 precarium
287 2952 501 3038 spernebatur
534 2952 716 3038 imperium.
769 2950 819 3018 Ac
852 2952 1031 3037 primume
1105 2983 1112 2991 ,

35 3043 117 3113 tatus
144 3043 260 3127 ingens
283 3043 499 3127 ploratusque
521 3046 696 3109 renovatus
713 3045 783 3128 est,
810 3041 925 3108 deinde
947 3042 996 3108 fu·

34 3131 252 3287 idieeupeetatio
274 3130 424 3285 inlllribitis
443 3131 585 3286 lacrimip
605 3130 890 3286 silentiumdfetgit
906 3131 997 3199 Tune
1015 3142 1052 3192 4-

34 3242 192 3289 :ecare
228 3240 701 3288 aeeamconsecumvo
789 3243 808 3287 a
880 3242 915 3285 111
955 3244 997 3288 ua

35 3311 129 3389 deme
143 3241 311 3394 'vagusque
329 3243 598 3375 Alexandripcum
617 3241 997 3394 armisgdrant,'anmi1m

35 3401 42 3465 i
60 3399 165 3484 pridie
179 3398 342 3466 traditum
362 3420 381 3464 a
399 3419 478 3488 rege
495 3399 533 3466 in
549 3398 668 3476 eadem
682 3398 762 3467 sede
774 3398 908 3484 posuit.
925 3419 1007 3476 upu-

35 3508 44 3550 2
71 3487 229 3571 adspectu
256 3511 375 3558 rursus
401 3479 1037 3644 11011110111111011Χ111ζ1ἒ10’11111
