2356 3846
244 135 498 192 msroanson
515 135 730 191 mnxmoar
747 136 812 204 vn,
831 104 873 191 a.
1000 135 1065 200 183

57 281 99 346 ad
131 280 305 346 curandum
337 301 452 364 corpus
481 280 623 345 recessit.
670 280 807 345 Postero
840 280 892 345 die
923 279 1065 344 nondum
1084 287 1117 337 21

57 369 139 435 11111
172 369 259 433 clara
289 368 360 433 luce
391 369 514 452 primus
540 369 625 451 vela,
657 369 787 452 signum
815 368 901 452 eapti
929 368 1066 450 verticis,

56 456 235 540 conspexit.
284 454 346 522 Sed
373 477 415 520 ne
437 456 604 521 falleretur
630 456 729 538 acies,
756 456 903 522 dubitare
930 455 1069 540 cogebat

58 545 202 610 varietas
221 544 301 608 caeli
318 565 403 609 nnnc
421 544 630 609 internitente
644 545 725 608 lucis
743 544 878 628 fulgore,
895 565 977 610 aare
995 559 1067 608 con-

57 633 138 698 dito.
174 631 295 697 Verum
313 636 351 697 ut
368 632 518 716 liquidior
537 633 593 696 lux
612 632 763 715 adparuit
780 633 884 716 caelo,
906 632 1065 696 dubitatio
1085 640 1119 689 22

56 723 214 804 exempta
232 723 295 784 est:
318 723 529 804 vocatumque
551 717 694 804 Cophen,
716 741 773 803 per
797 742 892 803 quem
914 721 1067 785 barbaro-

57 831 132 873 rum
155 808 281 873 animos
302 811 532 892 temptaverat,
555 807 658 872 mittit
680 808 721 872 ad
744 829 813 891 eos,
836 808 892 892 qui
912 812 1067 891 moneret,

56 917 145 961 nunc
172 896 288 968 saltem
320 895 480 961 salubrius
513 894 682 961 consilium
714 897 846 961 inirent:
880 897 931 960 sin
960 900 1068 960 autem

58 984 178 1049 fidncia
200 984 264 1050 loci
286 987 543 1068 perseverarent,
566 984 692 1058 ostendi
716 1007 735 1049 a
757 988 852 1068 tergo
875 984 985 1066 iussit,
1013 984 1068 1067 qui

58 1075 211 1156 ceperant
238 1073 400 1138 verticem.
450 1070 578 1155 Cophes
605 1073 765 1137 admissus
797 1072 931 1136 suadere
963 1072 1070 1154 coepit
1087 1081 1120 1130 21

56 1159 204 1224 Arimazi
225 1164 351 1244 petram
372 1160 498 1225 tradere
521 1160 662 1243 gratiam
684 1161 770 1246 regis
793 1160 923 1244 inituro,
946 1160 974 1223 si
996 1164 1068 1222 tan-

59 1251 112 1312 tas
139 1269 191 1313 res
220 1248 406 1313 molientem
438 1249 472 1312 in
500 1249 595 1313 unius
623 1249 714 1331 rupis
742 1249 908 1313 obsidione
934 1248 1067 1311 haerere

57 1357 127 1401 non
150 1336 318 1420 coegisset.
361 1335 422 1400 Ille
444 1335 583 1401 ferocius
602 1337 834 1420 superbiusque
857 1358 954 1420 quam
974 1338 1069 1399 antea

58 1423 188 1488 locutus
207 1423 297 1488 abire
316 1420 448 1507 Cophen
467 1424 567 1488 iubet.
597 1423 643 1488 At
663 1425 691 1489 is
709 1446 861 1507 prensum
880 1447 977 1490 manu
995 1424 1067 1487 bar·
1087 1435 1122 1484 24

56 1511 176 1576 barum
201 1516 310 1596 rogat,
336 1515 374 1576 ut
403 1532 511 1577 secum
538 1515 628 1575 extra
655 1533 786 1595 specum
808 1512 953 1596 prodeat.
998 1511 1067 1588 Quo

57 1599 224 1682 inpetrato
249 1601 382 1664 iuvenes
409 1599 444 1663 in
466 1600 629 1666 cacumine
653 1600 797 1665 ostendit
818 1606 848 1665 et
869 1602 937 1666 eius
961 1621 1068 1682 super-

58 1687 135 1751 biae
152 1687 239 1751 haud
262 1686 425 1751 immerito
442 1686 591 1752 inludens
608 1687 724 1770 pinnas
742 1687 861 1753 habere
881 1690 928 1752 ait
945 1689 1067 1752 milites

59 1773 245 1840 Alexandri.
278 1773 410 1858 Iamque
428 1774 670 1840 eMacedonum
688 1779 758 1840 cast
758 1777 803 1840 ris
818 1776 983 1860 signorum
998 1798 1069 1842 con·
1087 1787 1123 1838 21

57 1866 174 1928 centus
194 1867 227 1928 st
241 1863 358 1928 totius
365 1863 524 1928 exercitus
547 1864 670 1928 clamor
693 1862 892 1928 audiebatur
937 1865 987 1928 Ea
1008 1885 1069 1948 res,

56 1950 145 2015 sicut
162 1951 315 2034 pleraque
338 1951 416 2015 belli
437 1972 523 2016 vana
546 1955 610 2015 et
600 1951 725 2036 inania,
746 1951 904 2016 barbaros
924 1952 965 2017 ad
983 1953 1069 2016 dedi

60 2038 184 2104 tionem
198 2039 312 2104 traxit:
332 2040 448 2123 quippe
467 2040 616 2122 occupati
632 2043 721 2104 metu
739 2041 935 2123 paucitatem
951 2062 1069 2124 eorum,

58 2127 118 2211 qui
145 2148 165 2191 a
190 2129 284 2212 tergo
312 2131 416 2210 arant,
448 2129 620 2192 aestimare
647 2149 714 2193 non
745 2131 906 2212 poterant
954 2129 1069 2213 Itaque
1089 2140 1123 2188 ze

61 2211 261 2299 Cophen-
283 2237 361 2279 nam
382 2178 581 2298 trepidantes
603 2216 844 2300 reliquerat
869 2220 999 2283 strenue
1021 2239 1069 2282 re·

60 2306 180 2368 vocant
202 2306 330 2370 etcum
352 2323 390 2367 eo
412 2321 486 2367 xxx
506 2304 667 2387 principes
691 2305 839 2384 mittunt,
866 2307 921 2389 qui
943 2311 1069 2389 petram

61 2391 192 2456 madent
218 2394 265 2474 et,
293 2395 331 2456 ut
316 2391 574 2457 tinoolumibus
601 2392 690 2456 abire
718 2393 827 2476 liceat,
856 2395 1069 2477 paciscantur.

60 2477 121 2544 Ille
144 2500 340 2562 quamquam
362 2480 547 2562 verebatur,
569 2501 610 2546 ne
628 2483 801 2563 conspecta
823 2481 974 2545 iuvenum
993 2502 1069 2563 pau·
1088 2490 1122 2540 21

59 2567 160 2632 citato
182 2567 392 2633 deturbarent
410 2588 464 2632 eor
482 2568 625 2650 barbari,
647 2571 757 2632 tamen
776 2572 809 2632 et
825 2568 974 2633 fortunae
992 2589 1069 2633 suae

60 2655 201 2720 confisus
224 2660 258 2724 et
275 2656 418 2720 Arimazi
436 2655 605 2740 superbiae
623 2656 775 2739 infensas,
797 2657 922 2720 nullam
942 2678 975 2721 se
995 2677 1069 2721 con·

58 2743 220 2809 dicionem
247 2744 419 2810 deditionis
443 2744 585 2826 accipere
607 2742 782 2826 respondit.
826 2742 993 2809 Arimazes
1016 2744 1122 2810 (11-28

58 2832 199 2916 speratis
226 2833 332 2916 magis
365 2854 461 2917 quam
491 2830 626 2915 perditis
653 2831 749 2895 rebus
782 2853 854 2896 cum
879 2833 1069 2917 propinquis

59 2919 336 3005 nobilissimisque
363 2920 469 3004 gentis
497 2940 573 2984 suae
600 2918 762 2983 descendit
785 2920 819 2983 in
842 2924 961 2986 castra:
988 2942 1069 3005 quos

58 3009 166 3074 omnis
193 3008 380 3074 verberibus
408 3007 550 3072 adfectos
578 3007 638 3072 sub
665 3008 745 3090 ipsis
769 3008 929 3073 radicibus
957 3011 1068 3091 petrae

57 3095 210 3161 crucibus
232 3095 328 3161 iussit
349 3096 455 3181 adfigi
499 3093 673 3161 Multitudo
702 3095 925 3160 dediticiorum
951 3097 1068 3163 incolis
1087 3110 1121 3158 21

58 3204 217 3249 novarum
247 3185 377 3250 urbium
400 3205 473 3249 curn
500 3183 635 3286 pecunia
663 3187 757 3268 capta
783 3183 868 3250 dono
901 3185 977 3252 data
1005 3188 1068 3252 est·

56 3270 276 3337 Artabazus
266 3294 300 3338 m
326 3277 438 3356 petrae
466 3272 685 3356 regionisque,
708 3293 790 3356 quae
814 3272 962 3356 adposita
984 3275 1069 3339 esset

58 3360 104 3443 11,
126 3360 263 3426 tutelam
284 3360 425 3428 relictus

456 3537 668 3546 m.—
