2356 3846
126 192 188 258 196
494 191 526 259 Q.
545 191 656 248 CURTI
672 191 761 247 RUFI

123 338 286 422 proditum
310 340 372 419 est,
397 336 554 421 quosdam
578 335 756 421 adplicatos
780 337 935 402 arborum
956 336 1083 403 nuncia
1107 341 1140 403 et

123 448 189 491 non
212 428 316 491 solum
344 424 541 509 viventibus,
571 423 749 490 sedetiam
776 424 861 490 inter
887 445 922 490 se
944 425 1139 510 conloquen-

123 515 212 579 tibus
231 513 353 579 similes
372 535 442 579 esse
460 517 651 596 conspectos
673 513 809 578 dmante
828 512 932 578 adhuc
950 512 1082 597 habitu,
1105 513 1140 579 in

73 612 105 663 11
123 624 187 686 quo
211 623 297 667 mors
321 622 478 685 quemque
500 600 763 685 deprehenderat.
795 599 892 666 Forte
912 599 1049 666 Macedo
1068 621 1138 687 gre-

124 691 234 775 garius
253 690 346 755 miles
362 710 451 775 ocyre
474 710 569 773 seque
589 693 622 754 et
641 711 731 754 arma
749 691 951 774 sustentans,
974 693 1088 755 tamen
1105 690 1139 755 in

124 782 231 843 castra
253 780 454 862 pervenerat:
481 798 544 862 quc
568 778 639 844 viso
661 799 732 861 rex,
755 799 951 863 quamquam
975 777 1046 861 ipse
1069 781 1138 843 tum

124 867 263 932 maxime
295 866 468 933 admoto
457 886 534 951 rgne
565 866 733 932 refovebat
719 869 867 968 tartue,
899 887 938 932 ex
967 865 1053 931 sella
1080 888 1139 932 1111

125 955 258 1020 exsiluit
275 948 522 1039 torpentemque
541 954 679 1019 militem
699 953 776 1018 et
745 976 800 1019 vrx
816 957 1000 1039 compotem
1018 955 1138 1020 mentis

72 1056 105 1104 11
124 1043 262 1127 demptis
291 1043 390 1109 armis
417 1043 452 1107 in
479 1064 538 1108 sua
561 1042 636 1108 sede
662 1043 759 1108 iussit
781 1042 955 1109 considere.
984 1041 1061 1123 1111
1084 1042 1139 1108 diu

123 1153 195 1215 nec,
230 1132 288 1196 ubi
324 1131 554 1215 requiesceret,
589 1151 663 1214 nec,
700 1153 720 1195 a
755 1152 818 1214 quo
856 1134 941 1196 esset
976 1133 1139 1215 exceptus,

72 1231 105 1279 11
124 1220 288 1303 adgnovit.
337 1218 480 1284 Tandem
511 1222 641 1303 recepto
669 1220 775 1284 calore
805 1219 912 1300 vitali,
944 1223 983 1284 ut
1012 1220 1138 1304 regiam

125 1308 232 1372 sedem
254 1327 427 1390 regemque
450 1305 545 1390 vidit,
567 1307 700 1372 territus
724 1307 837 1391 surgit
882 1305 986 1382 Quem
1008 1307 1138 1373 intuens

124 1395 318 1480 Alexander,
345 1393 482 1479 ‘Ecquid
509 1395 689 1479 intellegis,
716 1393 832 1480 miles',
853 1395 973 1479 inquit,
1002 1393 1138 1481 ‘quanto

63 1489 65 1493 ‘
124 1483 257 1548 meliore
290 1486 376 1548 sorte
409 1504 506 1568 quam
538 1483 655 1548 Persae
683 1483 741 1548 sub
774 1503 851 1569 roge
882 1481 1025 1549 vivatis?
1066 1481 1138 1550 Illis

124 1572 210 1636 enim
233 1572 268 1637 in
286 1572 366 1636 sella
383 1572 469 1656 regis
488 1571 670 1636 consedisse
690 1572 810 1654 capital
832 1570 930 1656 foret,
953 1570 1018 1636 tibi
1040 1572 1138 1638 saluti

73 1671 105 1720 11
123 1658 206 1726 fuit'
250 1660 385 1726 Postero
408 1660 460 1724 die
484 1659 669 1725 convocatis
693 1659 806 1724 amicis
828 1659 1059 1746 copiarumque
1083 1661 1137 1726 du·

123 1750 214 1813 cibus
246 1748 451 1834 pronuntiari
477 1747 587 1830 iussit,
616 1748 723 1830 ipsum
750 1747 873 1832 omnia,
905 1769 988 1832 quae
1017 1749 1138 1829 amissa

72 1848 104 1898 11
124 1841 246 1919 essent,
268 1837 476 1901 redditurum.
518 1834 563 1902 Et
584 1837 744 1919 promisso
766 1835 847 1901 fides
870 1836 1006 1902 exstitit.
1050 1835 1137 1902 Nam

124 1922 324 1990 Sisimithres
360 1925 464 1989 multa
499 1924 645 1988 iumenta
681 1927 714 1988 et
751 1923 947 1990 camelorum
979 1942 1007 1990 11
1045 1925 1137 1990 milia

124 2013 257 2078 adduxit
278 2032 458 2096 pecoraque
476 2015 509 2077 et
528 2014 687 2077 armenta:
710 2033 793 2095 quae
816 2012 993 2078 distribuis
1015 2014 1137 2097 pariter

71 2112 105 2161 ao
124 2101 262 2165 militem
281 2104 315 2164 et
333 2100 450 2165 damno
469 2103 502 2164 et
519 2099 605 2164 fame
624 2100 854 2166 liberaverunt
889 2099 973 2185 Rex,
996 2101 1136 2185 gratiam

124 2189 186 2253 sibi
207 2188 346 2252 relatam
369 2211 388 2253 a
406 2185 590 2252 Sisimithre
612 2187 794 2270 praefatus,
817 2209 874 2254 sex
896 2187 1021 2254 dierum
1044 2192 1136 2256 cocta

123 2276 246 2342 cibaria
283 2276 366 2341 ferre
403 2275 523 2340 milites
559 2276 667 2360 iussit,
704 2273 802 2341 Sacas
839 2280 962 2360 petens.
1017 2276 1134 2344 Totam

123 2365 206 2430 hanc
238 2364 405 2447 regionem
437 2362 653 2448 depopulatus
685 2381 760 2429 xxx
791 2364 884 2429 milia
909 2385 1068 2448 pecorum
1099 2387 1134 2430 ex

123 2451 245 2537 praeda
269 2450 447 2517 Sisimithri
469 2452 553 2516 dono
577 2451 642 2516 dat.

70 2554 103 2602 11
211 2539 289 2606 Inde
308 2539 483 2625 pervenit
472 2561 509 2605 m
514 2540 706 2642 regionem,
725 2560 778 2605 cur
768 2538 969 2624 Oxyartes,
988 2544 1130 2626 satrapes
1140 2531 1165 2600 16

123 2630 257 2714 nobilis,
279 2632 448 2731 praeerat,
468 2628 524 2713 qui
547 2650 580 2694 se
604 2627 689 2714 regis
717 2629 875 2712 potestati
901 2628 1090 2714 fideiqnep
1091 2649 1130 2695 er·

123 2719 220 2782 misit.
255 2716 344 2781 Ille
334 2717 471 2801 nuperio
491 2717 521 2782 ei
543 2716 668 2783 reddito
691 2716 778 2782 haud
802 2715 958 2869 amplius,
980 2738 1078 2802 quam
1099 2720 1129 2783 ut

71 2817 104 2871 aa
124 2805 186 2870 duo
206 2805 367 2870 extribus
391 2804 466 2869 filiis
486 2826 595 2870 secum
614 2805 806 2889 militarent,
829 2805 946 2890 exegit
983 2803 1173 2890 Satrapes,

124 2893 223 2956 etiam
256 2915 342 2971 eum,
379 2892 433 2976 qui
465 2913 564 2977 penes
580 2893 703 2994 ipsum
735 2892 991 2977 relinquebatur,
1028 2892 1172 2960 tradit.

124 2979 270 3045 Barbara
298 2980 466 3065 opulentia
493 2980 691 3065 convivium,
718 3003 782 3065 quo
810 3001 921 3066 regem
949 2966 1174 3067 accipiebat,

70 3079 105 3128 11
124 3066 189 3131 inst
190 3072 328 3133 ruxerat.
306 3067 410 3133 tId
437 3089 510 3133 cum
532 3068 637 3133 multa
660 3071 813 3136 comitate
835 3069 1097 3156 celebraretur,
1088 3088 1126 3136 nl·

123 3154 248 3219 traduci
272 3173 346 3221 xxx
368 3156 493 3222 nobiles
521 3157 665 3258 virgines
693 3157 797 3224 iussit.
773 3158 930 3224 tInter
957 3180 1040 3244 quas
1067 3158 1127 3225 1111

124 3242 223 3307 filia'
214 3242 332 3326 ipsius,
350 3243 483 3348 Roxane
506 3245 649 3329 nomine,
672 3245 791 3311 eximia
812 3246 957 3331 corporis
981 3247 1086 3332 specie
1100 3246 1127 3309 11

71 3342 106 3392 ae
123 3331 237 3396 decore
250 3330 345 3397 habit
331 3334 383 3397 tus
401 3332 437 3397 in
454 3333 602 3399 barbaris
616 3353 700 3401 raro.
734 3332 823 3409 Quae
838 3356 1036 3421 quamquam
1051 3335 1127 3402 inter

123 3420 206 3484 elect
191 3423 243 3485 tas
274 3426 491 3526 processerat,
523 3420 667 3525 omnium
699 3425 809 3488 tamen
839 3424 950 3491 oculos
978 3420 1127 3491 convertit

106 3506 143 3570 ir
166 3530 217 3593 se,
242 3509 389 3577 maxime
412 3510 502 3600 regis
523 3509 631 3578 minua
653 3510 721 3576 iam
738 3510 969 3596 cupiditatibus
988 3513 1056 3580 auia
1077 3513 1127 3578 im·

87 3602 218 3677 perant
215 3599 249 3667 is
282 3601 376 3672 inter
409 3602 577 3691 obsequia
608 3599 779 3685 fortunae,
807 3603 925 3665 contra
953 3620 1054 3682 quam
1073 3617 1134 3663 nau
1167 3568 1174 3647 ¹³
