2356 3846
239 125 727 214 1111111111111111111111
744 159 797 229 iv,
815 160 837 210 1.
1025 155 1067 222 35

54 301 144 366 haud
165 302 270 366 minor
293 302 357 366 alia
376 306 458 366 erat:
481 324 590 367 muros
604 307 771 388 turresque
784 301 874 368 urbis
888 303 1068 386 praealtum

54 411 145 454 mare
173 390 348 454 ambiebat·
378 412 446 455 non
471 395 632 454 tormenta
659 392 723 455 nisi
751 413 768 455 1
794 392 930 456 navibus
957 392 1068 475 procul

55 500 192 542 excussa
214 478 308 561 mitti,
330 499 396 542 non
420 480 524 543 scalae
543 479 712 544 moenibus
732 480 885 562 adplicari
903 502 945 563 po
947 483 1067 544 tzerant

53 529 546 755 1111111111
565 567 1069 739 seruauerunt,

54 742 225 807 instabiles
247 742 422 806 missilibus
446 744 547 807 arceri
566 747 724 826 poterant
760 743 851 808 Inter
868 765 950 827 quae
968 765 1068 826 parva
1089 762 1121 811 10

56 831 146 894 dictu
173 850 223 893 res
246 829 421 913 Tyriorum
447 831 597 895 fiduciam
624 832 778 897 accendit
824 830 1068 916 Carthaginien-

56 919 142 982 sium
178 918 278 1002 legati
315 917 355 981 ad
392 919 617 983 celebrandum
653 940 779 983 sacrum
816 919 1068 983 anniversarium

56 1027 148 1070 more
170 1006 276 1090 patrio
299 1010 377 1070 tuno
399 1012 570 1071 venerant:
595 1008 713 1091 quippe
733 1005 962 1091 Carthaginem
977 1007 1068 1090 Tyrii

56 1093 278 1176 condidemmt,
296 1115 422 1177 semper
439 1099 609 1178 parentum
627 1095 698 1160 loco
719 1096 804 1159 culti.
839 1094 973 1159 Hortari
991 1115 1068 1178 ergo
1089 1113 1120 1160 11

55 1181 159 1246 Poeni
186 1185 374 1265 coeperunt,
405 1187 442 1247 ut
469 1183 668 1248 obsidionem
690 1183 768 1247 forti
791 1184 899 1248 animo
922 1187 1069 1267 pateren-

55 1274 127 1334 tur:
164 1270 253 1334 brevi
283 1267 480 1354 Carthagine
514 1272 633 1335 auxilia
662 1276 806 1335 ventura.
854 1269 1001 1354 Namque
1031 1291 1070 1334 ea

55 1361 250 1440 tempestate
282 1379 401 1442 magna
432 1380 471 1422 ex
503 1363 594 1442 parte
621 1359 751 1424 Punicis
784 1360 940 1424 classibus
968 1359 1070 1422 maria

29 1446 41 1509 3
57 1445 298 1511 obsidebantur.
333 1445 437 1530 Igitur
455 1447 540 1511 bello
559 1447 685 1512 decreto
705 1469 762 1530 per
778 1469 886 1511 muros
900 1450 1069 1529 turresque
1088 1465 1121 1512 12

56 1537 222 1598 tormenta
252 1535 443 1618 disponunt,
479 1555 569 1598 arma
599 1535 778 1602 iunioribus
810 1534 970 1615 dividunt,
1002 1533 1069 1616 opi·

57 1622 148 1706 fices,
176 1643 311 1705 quorum
334 1623 426 1705 copia
448 1622 525 1686 urbs
548 1622 747 1705 abundabat,
776 1623 812 1686 in
835 1622 981 1687 officinas
1005 1621 1068 1685 dis·

56 1710 214 1775 tribuunt.
250 1709 366 1774 Omnia
389 1711 466 1774 belli
488 1714 648 1793 apparatu
666 1713 827 1792 strepunt:
850 1709 972 1772 ferreae
992 1730 1069 1792 quo-

58 1820 121 1882 que
152 1820 267 1862 manus
295 1833 337 1844 -
364 1797 569 1882 harpagonas
597 1801 778 1862 vocant-
804 1818 884 1880 quas
918 1796 1069 1878 operibus

56 1886 202 1950 hostium
232 1885 403 1968 inicerent,
439 1887 589 1970 corvique
621 1889 654 1949 et
686 1885 749 1950 alia
780 1885 909 1960 tuendis
936 1884 1069 1948 urbibus

58 1974 242 2059 excogitata
273 1975 556 2057 praeparabantur.
602 1971 664 2039 Sed
697 1996 770 2037 cum
796 1973 981 2037 fornacibus
1008 1971 1069 2036 fer·
1090 1991 1123 2040 13

57 2085 140 2146 rum,
163 2062 249 2146 quod
273 2062 385 2126 excudi
404 2063 582 2146 oportebat,
605 2062 781 2145 inpositum
801 2064 894 2143 esset,
918 2060 1070 2125 admotis-

58 2173 121 2234 que
153 2149 284 2214 follibus
311 2151 420 2234 ignem
446 2150 525 2213 flatu
557 2150 782 2232 accenderent,
815 2148 983 2232 sanguinis
1009 2148 1070 2211 rivi

56 2240 119 2304 sub
146 2238 225 2322 ipsis
252 2237 389 2302 flammis
416 2239 559 2301 extitisse
586 2237 749 2302 dicuntur:
785 2236 880 2320 idque
912 2258 1006 2300 omen
1034 2236 1069 2299 in

55 2327 272 2392 Macedonum
303 2326 468 2390 interitum
496 2329 662 2390 verterunt
693 2325 791 2408 Tyrii.
841 2323 938 2407 Apud
964 2322 1124 2390 Mace-14

56 2417 161 2480 donas
184 2435 310 2498 quoque
333 2436 406 2479 cum
427 2414 512 2478 forte
534 2435 652 2514 panem
675 2414 807 2498 quidam
824 2412 964 2476 militum
982 2411 1069 2474 fran-

57 2507 186 2589 gerent,
209 2503 371 2567 manantis
394 2502 562 2586 sanguinis
586 2505 695 2586 guttas
718 2503 922 2581 notaverunt,
946 2499 1070 2562 territo-

59 2613 121 2677 que
153 2611 228 2675 rege
258 2589 462 2673 Aristander,
491 2590 704 2672 peritissimus
736 2592 860 2669 vatum,
893 2587 921 2650 si
952 2587 1071 2649 extrin-

59 2701 153 2745 secus
181 2699 275 2743 cruor
303 2678 460 2760 fluxisset
495 2675 725 2742 Macedonibus
752 2676 785 2739 id
812 2637 905 2738 triste
927 2673 1072 2738 futurum

59 2770 123 2833 ait:
160 2770 286 2850 contm,
314 2786 387 2830 cum
415 2787 453 2828 ex
479 2764 631 2828 interiore
654 2768 745 2847 parte
768 2761 961 2844 manaverit
934 2761 1072 2842 turbi,

60 2877 160 2940 quam
182 2855 327 2919 obsidere
350 2853 575 2936 destinassent,
598 2852 730 2916 exitium
744 2849 944 2935 portendere.
952 2811 1072 2913 Alex
1092 2867 1125 2916 15

60 2944 162 3009 ander
186 2964 258 3006 cum
282 2946 315 3006 et
341 2942 476 3006 classem
502 2941 614 3024 procul
642 2940 776 3004 haberet
802 2943 836 3003 11
862 2939 995 3021 longam
1018 2937 1072 3001 ob-

61 3032 221 3098 sidionem
252 3051 369 3115 magno
401 3029 463 3094 sibi
496 3029 536 3093 ad
568 3031 675 3094 cetera
702 3027 921 3110 inpedimento
951 3024 1074 3089 videret

60 3121 141 3203 fore,
162 3119 394 3201 caduceatores,
417 3118 473 3202 qui
496 3117 536 3180 ad
559 3137 671 3202 pacem
691 3137 746 3180 eos
765 3115 993 3215 conpellerent,
1015 3113 1073 3176 mi-

61 3209 118 3274 sit:
155 3229 235 3292 quos
263 3205 351 3290 Tyrii
379 3168 527 3270 dontra
517 3228 568 3271 ius
596 3205 741 3289 gentium
768 3203 890 3267 occisos
918 3200 1073 3284 praecipi-

60 3295 249 3362 taverunt
240 3317 275 3359 m
303 3295 412 3358 altum.
462 3294 569 3378 Atque
598 3294 652 3357 ille
682 3313 814 3360 suorum
842 3293 910 3353 tam
938 3289 1074 3388 indigna

29 3388 169 3451 Omorte
192 3386 371 3448 commotus
392 3382 505 3448 urbem
529 3382 674 3446 obsidere
697 3380 819 3445 statuit
855 3375 1073 3442 8111111111-
1094 3395 1127 3444 11

64 3473 180 3538 cienda
201 3472 303 3536 moles
322 3474 399 3555 erat,
423 3492 504 3554 quae
527 3468 705 3534 continenti
722 3468 834 3531 urbem
852 3464 1075 3530 committeret

63 3563 187 3644 Ingens
219 3580 295 3645 ergo
327 3559 444 3626 animis
475 3558 621 3626 militum
651 3555 838 3643 desperatio
861 3550 1009 3677 'incessit
1029 3565 1099 3604 eax-

916 3651 941 3700 1
