2356 3846
254 151 508 208 Hlsroamaun
526 153 740 209 lauranum
757 154 806 223 VI,
826 161 867 213 10.
1008 157 1069 219 141

59 321 132 364 cum
166 297 334 383 quaerenti
366 298 470 363 socios
502 298 553 362 vel
584 298 667 363 falso
700 298 818 364 fuerim
846 300 1073 384 nominandus,

58 409 122 472 quo
155 386 298 468 facilius,
326 387 380 469 qui
403 386 637 471 temptabatur,
669 392 780 470 posset
812 388 947 471 inpelli?
996 387 1107 459 Non:

58 477 145 539 enim
159 475 287 539 detecto
302 473 445 539 facinore
459 495 576 539 nomen
591 495 698 539 meum
712 476 889 560 praeteriit,
907 479 943 540 ut
961 479 1073 559 posset

57 564 162 629 videri
182 558 276 628 ¹socio
304 563 500 647 pepercisse:
533 561 747 646 Nicomacho,
775 585 871 647 quem
898 564 1073 629 taciturum
1108 560 1111 564 ’

58 673 177 717 arcana
204 651 243 715 de
271 652 445 734 semetipso
477 651 628 716 credebat
655 651 834 736 confessus,
867 652 941 717 aliis
971 654 1074 718 nomi·

57 741 147 805 natis
178 761 230 803 me
257 760 356 803 unum
390 739 612 804 subtrahebat.
657 738 798 824 Quaeso,
827 741 1108 824 commilitones,a

58 830 88 894 si
111 826 285 893 Cebalinus
310 849 362 891 me
389 848 453 893 non
477 828 613 908 adisset,
641 828 724 892 nihil
751 850 803 892 me
831 828 869 893 de
898 830 1073 894 coniuratis

59 917 144 981 seire
166 916 338 999 voluisset,
365 938 442 980 num
469 916 566 980 hodie
589 916 728 980 dicerem
752 937 882 981 causam
908 918 999 982 nullo
1023 939 1075 982 me

57 1003 270 1070 nominante?
311 1003 457 1088 Dymnus
484 1025 561 1068 sane
587 1003 637 1089 (ut
654 1006 788 1069 ‘viveret
811 1004 943 1089 adhucl)
973 1006 1108 1074 vellete

57 1093 140 1158 mihi
172 1113 316 1176 parcere:
348 1092 424 1176 quid
453 1091 574 1157 ceteri?
599 1093 664 1176 qui
696 1093 735 1156 de
763 1113 796 1157 se
827 1093 1074 1172 confitebuntur,

58 1204 112 1247 me
130 1180 283 1246 videlicet
301 1180 507 1245 subtrahent!
535 1179 681 1266 Maligna
699 1185 750 1245 est
768 1182 936 1246 calamitas
956 1185 990 1246 et
1007 1182 1074 1247 fere

58 1271 190 1353 noxius,
215 1290 286 1333 cum
306 1290 364 1333 suo
385 1269 543 1352 supplicio
563 1270 736 1352 crucietur,
760 1270 940 1354 adquiescit
959 1271 1073 1336 alieno.

58 1357 124 1422 Tot
148 1357 268 1422 conscii
289 1378 349 1421 nec
371 1357 405 1422 in
429 1357 573 1421 eculeum
596 1357 725 1441 quidem
747 1357 882 1441 inpositi
900 1380 1011 1423 rerum
1029 1359 1075 1422 la·
1095 1377 1128 1425 10

59 1445 236 1511 tebuntur?
282 1444 384 1529 Atqui
405 1466 501 1509 nemo
529 1447 634 1528 parcit
656 1446 816 1511 morituro
843 1468 902 1511 nec
926 1448 1075 1531 cuiquam

10 1549 47 1614 38
60 1535 252 1616 moriturus,
275 1537 311 1597 ut
334 1533 457 1617 opinor.
499 1532 552 1597 Ad
575 1554 686 1597 verum
710 1534 832 1598 crimen
856 1538 889 1599 et
912 1535 953 1599 ad
975 1558 1076 1599 unum
1097 1554 1127 1601 11

59 1622 284 1688 revertendum
303 1621 384 1685 mihi
404 1625 467 1686 est:
488 1643 630 1685 currem
648 1621 791 1686 delatam
811 1622 851 1686 ad
870 1627 902 1686 te
921 1623 1076 1687 tacuisti?

59 1735 117 1778 cur
135 1715 205 1775 tam
225 1731 354 1774 securus
374 1709 513 1774 audisti?
558 1707 639 1791 Hoc,
663 1710 895 1793 qualecumque
915 1714 979 1793 est,
1002 1732 1077 1775 con·

59 1801 148 1864 fesso
167 1796 261 1881 mihi,
284 1797 475 1880 ubicumque
495 1818 543 1880 es,
561 1797 756 1880 Alexander,
778 1798 945 1863 remisisti:
969 1798 1076 1863 dexte-

58 1911 131 1954 ram
149 1891 240 1951 tuam
255 1887 431 1968 amplexus,
450 1885 652 1950 reconciliati
669 1885 788 1970 pignus
803 1886 914 1969 animi,
928 1887 1076 1952 convivio

61 1997 190 2061 quoque
212 1973 355 2040 interfui.
391 1971 425 2037 Si
444 1973 608 2038 credidisti
631 1973 725 2057 mihi,
749 1973 919 2039 absolutus
943 1996 1028 2057 sum,
1048 1975 1077 2038 si
1097 1993 1129 2041 12

60 2063 248 2149 pepercisti,
275 2063 440 2126 dimissus:
468 2062 520 2126 vel
547 2061 702 2126 iudicium
729 2064 822 2126 tuum
846 2083 947 2127 serva.
993 2061 1077 2138 Quid

60 2155 123 2219 hac
149 2151 297 2236 proxima
318 2155 427 2233 nocte,
456 2172 520 2233 qua
547 2149 711 2232 digressus
739 2171 811 2214 sum
835 2172 855 2214 a
878 2172 989 2214 mensa
1011 2155 1076 2229 tua,

60 2241 145 2306 leci?
183 2239 267 2323 quod
304 2260 426 2303 novum
462 2238 586 2302 fac-inus
619 2237 762 2301 delatum
798 2238 838 2302 ad
871 2243 903 2304 te
938 2240 1079 2304 mutavit

61 2330 206 2394 animum
229 2326 347 2392 tuum?
384 2325 484 2390 Gravi
508 2347 623 2409 sopore
646 2326 906 2411 adquiescebam,
929 2349 1002 2391 cum
1026 2349 1077 2392 me

60 2417 157 2482 malis
172 2415 420 2485 indormientem
434 2413 515 2479 meis
530 2413 653 2478 inimici
664 2414 834 2479 vinciendo
848 2416 1077 2480 excitaverunt.

61 2505 156 2572 Unde
181 2507 213 2569 et
235 2503 416 2589 parricidae
436 2506 469 2566 et
486 2501 646 2585 proditori
668 2504 738 2566 tam
757 2504 816 2568 alti
835 2504 925 2587 quies
945 2503 1075 2568 somni?
1097 2523 1129 2572 13

61 2592 220 2659 Scelerati
242 2593 441 2657 conscientia
462 2592 668 2674 obstrepente
691 2591 892 2655 condormire
915 2613 981 2655 non
1003 2613 1077 2675 pos·
1099 2611 1132 2659 14

62 2685 152 2748 sunt:
181 2681 309 2765 agitant
332 2701 387 2744 eos
410 2679 526 2762 furiae,
554 2700 619 2743 non
643 2682 865 2744 consummato
889 2679 999 2760 modo,
1022 2679 1077 2744 sed

62 2772 163 2834 etiam
178 2769 322 2854 cogitato
336 2767 517 2851 parricidio.
555 2768 600 2830 At
614 2767 695 2831 mihi
710 2768 918 2833 securitatem
936 2767 1077 2851 primum

61 2858 250 2924 innocentia
281 2878 365 2938 mea,
398 2855 512 2921 deinde
544 2861 602 2921 tua
633 2854 766 2920 dextera
798 2856 975 2921 obtulerat:
1011 2877 1078 2921 non

60 2946 172 3028 timui,
190 2967 230 3008 ne
249 2945 322 3028 plus
342 2945 464 3010 alienae
484 2944 667 3012 crudelitati
686 2944 771 3027 apud
790 2947 823 3007 te
841 2943 961 3027 liceret,
980 2966 1077 3028 quam

61 3033 253 3099 clementiae
276 3037 359 3098 tuae.
401 3031 464 3096 Sed
485 3054 526 3097 ne
549 3036 582 3096 te
606 3031 687 3095 mihi
706 3031 879 3097 credidisse
903 3033 1077 3116 paeniteat,
1098 3053 1131 3101 15

61 3144 113 3188 res
138 3122 179 3186 ed
202 3143 254 3184 me
277 3120 483 3185 deferebatur
508 3142 527 3184 a
552 3141 667 3203 puero,
691 3121 835 3203 quinon
858 3124 989 3205 testem,
1012 3143 1078 3185 non

60 3211 180 3296 pignus
200 3208 308 3274 indicii
327 3208 477 3274 exhibere
495 3211 633 3291 poteret,
651 3209 831 3291 inpleturus
848 3231 960 3274 omnes
980 3214 1078 3293 metu,

62 3300 91 3364 si
110 3297 269 3382 coepisset
288 3297 401 3362 audiri.
434 3296 601 3362 Amatoris
621 3300 653 3360 et
670 3298 769 3362 scorti
787 3298 894 3382 iurgio
913 3299 1076 3381 interponi
1098 3317 1130 3364 ra

62 3408 158 3452 aures
190 3408 278 3451 meas
308 3385 428 3450 credidi
461 3386 584 3450 infelix·
603 3388 636 3449 et
668 3385 764 3450 fidem
792 3387 860 3451 eius
894 3391 1078 3471 suspectam

61 3476 177 3558 habui,
209 3474 293 3559 quod
326 3497 391 3539 non
423 3473 492 3557 ipse
525 3474 675 3558 deferret,
713 3475 769 3540 sed
801 3475 935 3540 fratrem
968 3475 1077 3555 potius

61 3564 263 3630 subornaret.
306 3561 427 3650 Timui,
450 3585 492 3630 ne
514 3567 655 3652 negaret
674 3562 856 3630 mandasse
876 3581 918 3623 se
933 3559 1106 3619 meseum
1121 3571 1163 3611 aa
