2356 3846
122 154 165 218 82
292 175 294 180 ’
495 152 526 218 Q.
547 151 658 208 OURTI
675 152 763 208 nom
801 172 802 176 ¹

122 301 249 363 constet
271 295 472 380 Babylonios
496 318 605 361 muros
628 297 770 380 ingentis
794 299 899 380 operis
917 298 1014 364 huius
1032 299 1134 365 fontis

121 386 278 451 bitumine
301 385 461 449 interlitos
485 406 562 450 esse.

70 494 103 544 1⁷
212 472 361 538 Ceterum
383 471 553 556 Babylona
575 473 760 555 procedenti
778 471 961 537 Alexandro
975 473 1167 557 Mazaeus,3

123 562 177 646 qui
209 583 247 625 ex
279 562 346 626 acie
377 561 412 625 in
442 581 513 624 eam
540 560 653 625 urbem
680 560 882 644 confugerat,
914 582 986 626 cum
1015 563 1134 628 adultis

122 649 232 713 liberis
260 649 394 732 supplex
422 650 559 713 occurrit
585 648 697 712 urbem
721 668 817 731 seque
840 647 967 713 dedens.
1013 648 1135 715 Gratus

24 772 27 777 v
123 738 277 802 adventus
306 738 375 801 eius
402 738 472 821 regi
493 737 570 819 fuit,
602 737 720 820 quippe
743 736 853 820 magni
877 739 983 819 operis
1007 738 1134 803 obsidio

71 846 104 896 18
122 826 231 889 futura
258 830 418 891 crottam
445 825 587 888 munitae
614 825 712 888 urbis.
757 823 808 888 Ad
835 823 897 888 hoc
921 825 975 888 'vir
996 826 1135 890 illustris

122 918 156 978 et
191 935 288 978 manu
320 916 488 997 promptus
519 913 668 994 famaque
701 913 797 976 etiam
829 912 976 996 proximo
1008 914 1135 996 proelio

123 1002 256 1067 celebris
284 1005 317 1066 et
344 1005 465 1066 ceteros
493 1000 535 1064 ad
562 999 756 1064 deditionem
785 1001 834 1063 sui
861 999 1054 1064 incitaturus
1082 1023 1135 1065 ex·

124 1091 229 1173 emplo
260 1089 438 1154 videbatur.
488 1088 593 1172 Igitur
624 1086 709 1152 hunc
739 1086 868 1171 quidem
896 1088 1033 1172 benigne
1060 1110 1136 1153 cum

71 1196 104 1245 19
124 1178 234 1242 liberie
262 1177 393 1260 excipit:
430 1178 571 1241 ceterum
599 1176 755 1259 quadrato
784 1176 925 1260 agmine,
955 1176 1042 1259 quod
1062 1177 1136 1259 ipse

124 1265 273 1350 ducebat,
309 1265 398 1329 velut
433 1265 468 1329 in
503 1265 605 1328 aciem
636 1264 734 1342 irent,
770 1263 895 1348 ingredi
927 1286 1002 1328 suos
1034 1264 1136 1329 iubet.

123 1353 246 1438 Magna
266 1375 343 1436 pars
365 1351 621 1435 Babyloniorum
644 1351 836 1417 constiterat
857 1353 892 1415 in
913 1352 1015 1416 muris
1039 1352 1137 1417 avida

124 1440 339 1524 cognoscendi
357 1462 476 1504 novum
494 1461 613 1524 regem,
631 1440 741 1522 plures
760 1440 888 1504 obviam
907 1439 1030 1524 egressi
1050 1443 1137 1504 sunt.

70 1548 105 1597 20
123 1529 214 1593 Inter
231 1550 312 1613 quos
326 1527 551 1612 Bagophanes‚
574 1528 656 1592 arcis
676 1532 709 1592 et
724 1527 832 1611 regiae
846 1527 1002 1609 pecuniae
1016 1531 1137 1612 custos,

123 1637 164 1681 ne
197 1617 303 1682 studio
336 1639 356 1680 a
383 1616 515 1680 Mazaeo
548 1616 742 1697 vinceretur,
773 1619 880 1679 totum
911 1617 974 1679 iter
999 1615 1138 1692 floribus

124 1705 314 1789 coronisque
350 1708 570 1769 constraverat
606 1704 766 1788 argenteis
803 1702 960 1767 altaribus
995 1707 1138 1787 utroque

123 1793 225 1856 latere
253 1793 434 1877 dispositio,
461 1813 542 1875 quae
569 1813 636 1854 non
663 1795 733 1855 ture
761 1790 871 1868 modo,
901 1788 957 1854 sed
985 1791 1137 1856 omnibus

71 1903 104 1951 21
125 1881 277 1945 odoribus
300 1881 526 1946 cumulaverat.
565 1877 662 1943 Dona
685 1900 758 1943 eum
781 1879 998 1963 sequebantur
1020 1899 1138 1964 greges

124 1990 276 2051 pecorum
303 1988 534 2054 equorumque,
564 1967 673 2030 leones
701 1986 827 2049 quoque
855 1970 888 2030 et
909 1966 1060 2049 pardales
1084 1988 1137 2031 ca-

71 2079 105 2128 22
124 2056 191 2120 veis
222 2056 494 2139 praeferebantur.
530 2053 620 2138 Magi
647 2052 761 2118 deinde
794 2076 852 2119 suo
885 2075 974 2119 more
1004 2075 1138 2118 carmen

125 2148 290 2227 canentes,
325 2145 402 2225 post
436 2144 497 2207 hos
534 2141 687 2207 Chaldaei
718 2140 1036 2226 Babyloniorumque
1068 2163 1138 2207 non

123 2235 215 2296 vates
245 2230 357 2315 modo,
389 2231 446 2295 sed
473 2230 575 2294 etiam·
597 2230 735 2294 artifices
762 2250 835 2293 cum
861 2229 980 2294 fidibus
1007 2230 1059 2294 sui
1082 2251 1136 2314 ge-

123 2320 210 2384 neris
237 2319 345 2383 ibant:
376 2317 489 2382 laudes
515 2318 550 2381 hi
577 2337 690 2403 regum
713 2339 827 2382 canere
850 2317 950 2402 soliti,
982 2315 1137 2383 Chaldaei

125 2408 263 2471 siderum
293 2409 400 2470 motus
433 2409 465 2469 et
497 2409 600 2470 statas
632 2406 717 2470 vices
745 2409 927 2488 temporum
957 2405 1138 2470 ostendere.

72 2517 105 2566 aa
118 2494 259 2579 Equites
292 2493 404 2558 deinde
431 2492 606 2576 Babylonii
638 2515 695 2557 suo
728 2514 944 2578 equorumque
977 2493 1067 2558 cultu
1095 2495 1137 2558 ad

124 2583 285 2648 luxuriam
304 2583 417 2666 magis,
435 2602 533 2667 quam
553 2582 593 2645 ad
610 2581 886 2665 magnificentiam
902 2585 1014 2647 exacto
1028 2582 1138 2646 ultimi

74 2689 85 2707 ·
124 2672 225 2737 ibant.
257 2669 327 2735 Rex
346 2670 480 2734 armatis
500 2669 639 2752 stipatus
659 2669 894 2753 oppidanorum
912 2669 1043 2733 turbam
1062 2674 1138 2753 post

125 2759 257 2823 ultimos
284 2758 408 2842 pedites
434 2758 482 2822 ire
508 2757 616 2822 iussit:
646 2758 715 2840 ipse
743 2779 815 2822 cum
843 2778 936 2821 curru
960 2758 1075 2821 urbem
1098 2779 1137 2822 uc

126 2846 238 2910 deinde
257 2847 380 2931 regiam
397 2846 540 2910 intravit.
575 2844 710 2909 Postero
725 2845 775 2909 die
790 2845 1023 2927 supellectilem
1037 2843 1137 2910 Darei

72 2955 107 3004 24
125 2937 158 2997 et
181 2955 310 2997 omnem
332 2934 501 3017 pecuniam
524 2933 719 3016 recognovit.
742 2931 905 2998 'Ceterum
925 2933 1027 3016 ipsius
1045 2934 1175 2999 urbist

125 3021 330 3105 pulchritudo
363 3042 400 3086 ac
431 3023 574 3085 vetustas
603 3041 670 3084 non
696 3020 782 3103 regis
810 3020 920 3103 modo,
953 3022 1009 3085 sed
1037 3023 1137 3086 etiam

126 3109 270 3174 omnium
307 3110 417 3174 oculos
453 3109 488 3174 in
524 3110 626 3172 semet
660 3106 748 3170 haud
783 3107 933 3172 inmerito
968 3111 1137 3174 convertit.

127 3195 313 3262 Samiramis
338 3218 410 3261 eam
432 3195 625 3275 condiderat,
647 3211 722 3278 non,
744 3198 782 3259 ut
803 3196 946 3279 plerique
965 3197 1138 3283 credidere,

73 3306 108 3357 25
126 3283 237 3367 Belus,
259 3283 348 3348 cuius
370 3285 461 3368 regia
483 3283 671 3349 ostenditur.
707 3281 818 3348 Murus
840 3285 1017 3349 instructus
1040 3286 1137 3350 later·

127 3374 198 3438 culo
222 3372 341 3454 coctili,
370 3371 526 3436 bitumine
547 3371 723 3453 interlitus,
746 3371 887 3453 spatium
908 3389 980 3436 xxx
1004 3376 1036 3436 et
1058 3374 1136 3438 duo·

118 3484 195 3524 rum
208 3460 332 3542 pedum
350 3461 385 3526 in
401 3459 606 3525 latitudinem
620 3458 835 3541 amplectitur:
859 3459 1034 3544 quadrigae
1048 3462 1136 3525 inter

42 3561 85 3608 26
101 3565 141 3606 se
165 3553 379 3617 occurrentes
403 3549 476 3617 sine
498 3545 645 3635 periculo
670 3567 850 3613 commeare
866 3547 1025 3612 dicuntur.
1053 3549 1135 3613 Alti-
