2356 3846
132 157 196 221 162
501 155 533 221 Q.
553 153 764 210 33331333

16 332 18 337 ·
76 301 244 385 caltaque
263 299 316 384 qui
335 303 506 364 transeunt
524 319 669 382 campos,
688 298 912 384 navigantium
928 295 1028 364 modo
1044 301 1143 364 noctu

132 390 237 454 sidera
256 389 443 471 observant,
467 386 507 452 ad
530 408 667 471 quorum
686 408 815 452 cursum
837 387 900 452 iter
923 385 1085 472 dirigunt:
1111 389 1145 451 et

130 475 362 562 propemodum
398 475 516 540 clarior
558 478 608 539 est
641 475 747 541 noctis
787 476 904 541 umbra
940 495 1039 560 quam
1073 475 1144 539 lux:

77 585 111 635 33
133 567 224 648 [ergo
257 563 397 628 interdiu
429 563 517 628 invia
550 566 600 627 est
626 564 732 648 regio,
763 564 840 648 quia
869 583 928 628 nee
956 562 1144 647 vestigium,

132 651 217 736 quod
246 656 435 736 sequantur,
462 651 631 716 inveniunt
657 654 690 716 et
717 651 805 716 nitor
832 651 974 716 siderum
1002 650 1144 752 caligine

131 741 360 821 absconditur]
398 732 548 805 Ceterum
568 740 699 823 siquos
718 739 774 804 ille
792 743 922 823 ventus,
944 739 1003 824 qui
1022 760 1043 804 a
1060 761 1145 804 marr

77 849 112 898 33
132 830 287 912 exoritur,
311 827 534 912 deprehendit,
556 827 679 892 harena
702 827 819 893 obruit
858 826 921 893 Sed
944 848 1010 911 qua
1031 827 1144 891 mitior

130 921 220 981 terra
257 920 319 1001 est,
360 916 475 1002 ingens
511 915 677 980 hominum
714 937 931 1000 equorumque
965 915 1144 980 multitudo

77 1025 110 1074 31
131 1006 286 1091 gignitur.
334 1003 447 1088 Itaque
474 1001 643 1068 Bactriani
673 1005 798 1087 equites
825 1026 888 1068 xxx
914 1002 1007 1068 milia
1039 1003 1145 1087 exple·

130 1097 252 1157 verant
281 1091 505 1176 Ipsa'Bactra,
523 1092 666 1176 regionis
684 1092 753 1156 eius
773 1095 883 1176 caput,
902 1091 967 1156 sita
986 1095 1066 1156 sunt
1083 1091 1143 1156 suh

131 1185 241 1247 monte
264 1179 485 1263 Parapamiso.
528 1177 664 1245 Bactrus
692 1180 796 1245 amnis
824 1180 983 1263 praeterit
1003 1177 1144 1244 moenia

130 1269 163 1334 ls
187 1267 260 1333 urbi
283 1271 316 1332 31
337 1268 462 1353 regioni
484 1266 573 1332 dedit
595 1289 720 1333 nomen.
814 1323 817 1330 .

77 1377 111 1426 32
218 1355 281 1419 Hie
312 1356 380 1440 regi
412 1356 533 1420 stativa
566 1355 700 1419 habenti
732 1356 902 1420 nuntiatur
933 1377 973 1421 ex
1006 1350 1178 1422 Graecial

130 1443 438 1526 Peloponnesiorum
476 1442 703 1527 Laconumque
743 1443 880 1509 defectio
919 1478 957 1490 -
996 1444 1143 1510 nondum

130 1532 216 1596 enim
243 1531 322 1596 victi
351 1535 455 1614 erant,
483 1552 555 1596 cum
582 1532 861 1614 proficiscerentur
888 1532 1051 1598 tumultus
1074 1533 1142 1597 eius

129 1619 289 1704 principia
316 1618 496 1684 nuntiaturi
524 1654 566 1666 -
595 1623 628 1683 et
655 1620 738 1685 alius
770 1641 922 1702 praesens
953 1624 1060 1686 terror
1091 1622 1143 1685 ad·

129 1708 247 1790 fertur,
270 1705 421 1791 Scythas,
445 1706 500 1790 qui
522 1708 608 1771 ultra
627 1706 765 1772 Tanaim
788 1729 915 1773 amnem
939 1709 1066 1792 colunt,
1089 1709 1143 1774 ad-

129 1799 262 1860 ventare
285 1793 386 1860 Besso
414 1794 553 1859 ferentes
577 1816 680 1877 opem.
725 1795 848 1861 Eodem
871 1800 1032 1881 tempore,
1060 1819 1143 1881 quae

129 1884 164 1948 in
202 1888 299 1968 geute
330 1883 482 1947 Ariorum
516 1880 662 1947 Caranus
701 1887 734 1948 et
769 1883 926 1968 Erigyius
963 1888 1143 1969 gesserant,

75 1991 111 2041 33
130 1971 344 2055 perferuntur.
390 1968 606 2035 Commissum
634 1973 704 2036 erat
733 1972 892 2055 proelium
925 1971 1011 2037 inter
1037 1973 1144 2040 Mace·

130 2059 230 2124 donas
269 2057 439 2141 Ariosque.
498 2057 684 2144 Transfuga
724 2057 950 2126 Satibarzanes
992 2061 1143 2129 barbaris

129 2149 379 2300 1111111311
397 2152 1144 2322 tlte?tltittttutmttttttt

131 2323 322 2407 demptaque
346 2321 440 2406 galea
462 2322 625 2406 inhibitis,
647 2323 703 2408 qui
726 2323 792 2387 1313
814 2324 992 2407 iaciebant,
1017 2325 1045 2391 si
1068 2327 1142 2412 quis

130 2411 253 2477 viritim
272 2410 426 2475 dimicare
444 2410 557 2494 vellet,
574 2411 763 2494 provocavit
781 2410 822 2476 ad
841 2432 997 2496 pugnam:
1017 2414 1142 2481 nudum

76 2519 112 2568 34
131 2521 165 2565 33
189 2502 286 2581 caput
309 2499 343 2563 in
361 2499 536 2563 certamine
558 2498 754 2563 habiturum.
789 2498 865 2565 Non
885 2500 963 2565 tulit
985 2501 1142 2569 ferociam

130 2588 261 2653 barbari
289 2587 352 2652 dux
379 2586 466 2651 illius
496 2587 653 2653 exercitus
680 2587 842 2671 Eripyius,
872 2589 981 2674 gravis
1010 2590 1142 2674 quidem

33 2759 36 2763 Ι
130 2679 251 2760 aetate,
274 2675 330 2740 sed
354 2679 387 2740 et
410 2675 510 2740 animi
531 2679 564 2739 et
581 2676 726 2759 corporis
749 2676 864 2741 robore
882 2676 965 2742 nulli
987 2678 1141 2747 iuvenum

129 2763 364 2845 postferendus.
417 2761 450 2826 Is
487 2764 582 2846 galea
614 2764 745 2848 dempta
776 2764 927 2829 canitiem
960 2769 1142 2850 ostentans,

130 2849 263 2933 ‘Venit',
285 2851 403 2935 inquit,
426 2849 519 2935 ‘dies,
551 2873 613 2934 quo
638 2855 694 2915 aut
716 2853 851 2917 victoria
875 2857 932 2918 aut
954 2859 1061 2920 morte
1086 2857 1141 2922 ho

129 2938 330 3024 uastissima,
350 2938 460 3021 quales
480 2939 600 3004 amicos
620 2942 653 3002 et
671 2940 790 3005 milites
807 2940 992 3007 Alexander
1010 2942 1142 3028 habeat,

75 3045 110 3094 35
130 3025 320 3091 ostendam'.
351 3024 420 3091 Nec
438 3026 534 3109 plura
556 3027 699 3092 elocutus
719 3049 836 3113 equum
859 3030 893 3094 in
915 3029 1044 3096 hostem
1064 3033 1141 3118 agit

131 3111 284 3179 Crederes
303 3114 509 3199 imperatum,
526 3117 563 3179 ut
582 3113 666 3180 acies
684 3119 839 3200 utraeque
859 3118 924 3183 tela
943 3118 1141 3186 cohiberent.

129 3200 283 3266 Protinus
307 3205 392 3266 certe
420 3205 623 3269 recesserunt
644 3203 720 3270 dato
747 3205 849 3271 libero
873 3206 992 3290 spatio,
1020 3208 1140 3274 intenti

129 3289 163 3354 in
186 3294 336 3357 eventum
358 3311 424 3355 non
447 3290 563 3358 ducum
586 3291 696 3373 modo,
724 3293 779 3358 sed
803 3294 900 3359 etiam
930 3316 1008 3360 suae
1031 3298 1140 3380 sortis,

76 3398 111 3447 33
131 3378 423 3538 quipptebalippum
454 3378 627 3534 discrinFrlen
658 3383 827 3534 secuturi,
855 3380 950 3447 Prior
958 3384 1138 3538 'thermis

121 3488 217 3533 emisi
284 3489 322 3534 as
359 3488 407 3533 m:
460 3489 536 3535 uam
594 3491 621 3535 n
666 3491 716 3533 rus
742 3491 795 3536 mo
818 3491 868 3535 roa
896 3492 1011 3537 ca11s
1127 3508 1139 3520 ·

100 3557 245 3626 natium
269 3558 394 3630 vitavit
418 3488 520 3648 adque
543 3489 792 3658 ipsegihlestam
816 3493 955 3622 sarisanl
974 3581 1056 3640 euno
1077 3561 1140 3625 eal·
