2356 3846
262 167 518 223 HISTORIA'DUM
535 167 750 223 ALEXANDRI
768 165 817 236 Vl,
835 171 859 220 9.
1005 163 1068 229 137

58 313 151 378 vobis
176 316 304 396 ereptus
328 334 412 377 sum:
445 313 539 377 deum
561 311 764 395 providentia
791 314 824 375 et
849 309 1073 375 misericordia

57 401 140 466 viro.
187 397 450 485 Conspectusque
473 401 573 465 vestri
595 400 788 464 venerabilis
812 399 933 484 coegit,
955 401 992 462 ut
1017 418 1070 461 ve

56 489 242 554 hamentius
274 489 443 572 parricidis
475 489 643 572 irascerer,
680 487 832 571 quoniam
868 487 1072 571 praecipuus,

57 579 157 643 immo
177 599 259 641 unus
278 578 365 641 vitae
384 598 474 642 meae
492 577 615 642 fructus
634 581 698 660 est,
716 579 768 640 tot
784 575 971 641 fortissimis
990 575 1070 639 viris

57 669 91 730 et
110 665 149 730 de
168 681 220 730 me
239 665 360 749 optime
379 665 505 731 meritis
527 665 647 730 referre
666 665 768 729 adhuc
792 665 933 747 gratiam
954 662 1072 747 posse'.

56 754 239 837 Interrupit
256 754 439 818 orationem
456 753 598 819 militum
617 754 757 837 gemitus
777 753 976 836 obortaeque
995 754 1108 817 eunte

58 841 208 908 omnibus
222 841 386 908 lacrimae.
421 842 504 907 Tum
517 864 583 925 rex,
598 839 760 924 ‘Quanto',
773 841 890 925 inquit,
904 839 1071 905 ‘maiorem

56 931 93 996 in
118 930 235 994 animis
258 930 376 996 vestris
398 936 523 995 motum
546 930 707 1007 excitabo,
738 951 810 994 cum
833 929 918 994 tanti
940 928 1072 994 sceleris

57 1023 207 1084 auctores
222 1019 405 1083 ostendero!
420 1041 556 1102 quorum
570 1019 767 1082 mentionem
779 1017 884 1083 adhuc
896 1015 1071 1082 reformido

58 1111 107 1191 et,
133 1110 299 1189 tamquam
327 1106 409 1171 salvi
436 1129 505 1172 csse
532 1107 673 1190 possint,
699 1106 885 1171 nominibus
913 1104 1073 1171 abstineo.

58 1193 123 1259 Sed
144 1195 301 1259 vincenda
320 1198 369 1260 cst
392 1195 548 1260 memoria
566 1195 723 1278 pristinae
743 1194 889 1258 caritatis
913 1197 946 1257 et
965 1193 1110 1256 conius

58 1283 145 1348 ratio
165 1283 327 1366 inpiorum
342 1284 460 1347 civium
479 1283 665 1368 detegenda.
699 1281 867 1358 Quomodo
882 1284 990 1346 autem
1004 1283 1073 1344 tan-

58 1375 131 1436 turn
147 1371 240 1437 nefas
259 1370 395 1436 sileam?
425 1370 610 1454 Parmenio,
628 1371 686 1435 illa
704 1374 825 1453 aetate,
843 1373 894 1434 tot
909 1369 1005 1450 meis,
1024 1372 1074 1432 tot

58 1460 204 1544 parentis
227 1459 291 1524 mei
314 1459 439 1523 meritis
464 1458 647 1543 devinctus,
671 1459 815 1522 omnium
837 1458 931 1522 nobis
956 1457 1072 1522 amico·

59 1570 132 1612 rum
159 1548 413 1630 vetustissimus,
444 1547 557 1612 ducem
586 1568 621 1611 se
653 1547 768 1611 sceleri
795 1550 887 1611 tanto
915 1545 1074 1628 praebuit.

58 1635 211 1700 Minister
242 1635 312 1700 eius
340 1633 488 1699 Philotas
515 1630 711 1700 Peucolaum
745 1637 778 1698 et
804 1632 1008 1697 Demetrium
1041 1635 1110 1696 eto

59 1724 146 1789 hunc
177 1723 357 1807 Dymnum,
394 1723 484 1788 cuius
517 1744 633 1807 corpus
670 1721 853 1804 adspicitis,
887 1725 1074 1804 ceterosque

10 1822 49 1887 33
61 1811 204 1877 eiusdem
222 1812 384 1877 amentiae
406 1811 442 1875 in
460 1816 557 1896 caput
579 1832 687 1874 meum
707 1809 917 1875 subomavit’.
952 1808 1111 1874 Premis

60 1905 115 1966 tus
132 1900 272 1984 undique
291 1900 529 1984 indignantium
548 1898 814 1982 querentiumque
833 1901 906 1963 tota
924 1897 1074 1962 contione

60 1988 287 2071 obstrepebat,
309 1988 415 2071 qualis
439 1988 522 2052 solet
545 2008 615 2051 esse
637 1985 858 2050 multitudinis
881 1989 914 2049 et
937 1985 1074 2048 maxime

60 2076 230 2160 militaris,
254 2075 311 2140 ubi
334 2079 391 2140 aut
413 2075 520 2140 studio
544 2075 653 2158 agitur
676 2078 733 2138 aut
755 2073 814 2139 ira.
855 2072 1074 2138 Nicomachus
1094 2089 1110 2138 7

60 2163 180 2230 deinde
199 2168 234 2230 et
251 2163 380 2228 Metron
398 2167 431 2227 et
449 2161 624 2228 Cebalinus
646 2161 810 2244 producti,
833 2183 915 2245 quae
939 2161 1075 2245 quisque

60 2252 238 2335 detulerat,
264 2254 436 2335 exponunt.
486 2249 617 2316 Nullius
645 2271 756 2315 eorum
783 2249 903 2315 indicio
926 2248 1075 2314 Philotas

10 2406 16 2415 ,
58 2342 147 2407 inter
168 2339 344 2424 participes
368 2339 499 2404 sceleris
520 2337 754 2403 destinabatur.
789 2336 904 2422 Itaque
927 2338 1076 2422 indigna-

59 2430 152 2496 tione
184 2449 337 2511 erpressa
368 2449 431 2493 vox
463 2426 592 2491 silentio
623 2431 756 2509 excepta
788 2429 847 2490 est.
896 2426 980 2491 Tum
1009 2443 1111 2509 rex,8

61 2514 213 2598 ‘Qualis',
235 2516 355 2600 inquit,
383 2514 472 2599 ‘ergo
496 2514 597 2579 animi
620 2514 713 2579 vobis
736 2514 877 2596 videtur,
901 2513 957 2597 qui
979 2513 1075 2578 huius

61 2606 110 2672 rei
134 2606 278 2670 delatum
294 2602 449 2668 indicium
468 2603 634 2685 adipsum
653 2602 857 2685 suppressit?
895 2601 988 2677 Quod
1010 2622 1075 2666 non
1094 2619 1112 2666 9

61 2694 164 2759 fuisse
188 2712 308 2757 venum
331 2690 451 2774 Dymni
474 2692 579 2755 exitus
602 2689 753 2755 declarat.
794 2688 834 2754 In
857 2694 979 2754 certam
1007 2711 1075 2754 rem

62 2781 210 2857 deferens
238 2784 403 2846 tormenta
429 2801 496 2844 non
523 2778 635 2842 timuit
663 2774 850 2860 Cebalinus,
880 2778 1004 2843 Metina
1034 2800 1075 2842 ne

60 2873 264 2936 momentum
287 2867 416 2952 quidem
437 2867 594 2951 temporis
617 2865 746 2931 distulit
770 2887 942 2931 exonerare
965 2887 1014 2948 se,
1040 2870 1076 2931 ut

63 2981 116 3042 eo,
152 2957 211 3024 ubi
246 2957 395 3039 lavabar,
431 2956 646 3039 inrumperet:
683 2953 832 3020 Philotas
870 2954 958 3019 solus
994 2953 1075 3018 nihil

61 3047 188 3130 timuit,
216 3044 302 3110 'nihil
330 3043 473 3109 credidit
523 3042 550 3108 Ο
578 3043 691 3127 magni
723 3043 825 3108 animi
853 3043 972 3106 virum!
1008 3041 1075 3108 Iste
1096 3060 1130 3109 10

62 3137 160 3222 regis·
184 3133 328 3218 periculo
366 3135 639 3214 commoveretur,
673 3131 801 3195 vultum
838 3135 992 3212 mutaret,
1028 3131 1075 3194 in·

61 3224 169 3289 dicem
199 3226 311 3288 tantae
336 3221 384 3287 rei
415 3220 574 3287 sollicitus
602 3219 740 3285 audiret!
778 3216 897 3284 Subest
922 3219 1075 3284 nimirum
1096 3237 1129 3285 11

63 3312 196 3378 silentio
219 3310 345 3376 facinus
368 3313 401 3374 ct
428 3309 522 3374 avida
554 3329 627 3392 spes
655 3307 747 3392 regni
774 3308 984 3391 praecipitem
1007 3307 1076 3370 ani-

62 3420 153 3467 mum
172 3399 213 3466 ad
236 3399 387 3465 ultimum
405 3397 496 3462 nefas
515 3396 642 3481 inpulit.
673 3395 772 3462 Pater
790 3394 916 3461 Mediae
934 3397 1075 3477 praeest:

62 3489 135 3573 ipse
167 3486 252 3572 apud
288 3486 408 3552 multos
441 3485 607 3569 copiarum
639 3484 734 3550 duces
769 3483 850 3549 meis
882 3483 1084 3565 praepotens

62 3577 186 3643 viribus
212 3574 352 3662 maiora,
383 3597 484 3663 quam
512 3574 617 3663 capit,
642 3573 764 3662 spirat.
804 3570 949 3636 exertas
972 3580 1108 3640 equesque
1121 3575 1168 3615 xa
