2356 3846
508 169 726 234 „30-

106 331 290 416 praedictos
314 333 456 395 tractata
478 328 620 412 fuerant,
644 327 881 406 consummavit
906 332 941 393 et
966 329 1126 413 imperiali

107 421 303 486 auctoritate
340 419 551 484 confirmavit.
602 417 760 484 Similiter
797 418 853 502 qui
890 417 1125 484 ambasiatores

19 530 27 536 ⁸
106 508 314 593 imperatoris
346 506 544 585 Graecorum
573 530 613 573 ex
639 511 734 591 parte
757 506 900 571 eiusdem
929 507 1056 571 domini
1079 509 1125 572 sui

109 601 262 682 atquem
290 597 330 662 ad
357 597 489 662 modurn
518 597 560 661 ab
588 599 661 680 ipso
684 599 873 679 receperant
899 596 935 659 in
957 596 1126 679 mandatis,

108 685 255 751 fecerunt
272 686 342 752 vice
360 708 464 751 versa.
500 684 550 751 Ac
568 686 639 770 ipse
658 683 884 768 Constantius,
905 684 1146 750 Romanorum

108 775 301 859 imperator,
329 774 433 839 filium
462 796 556 839 suum
586 771 837 839 Constantinum
864 795 930 839 una
958 795 1033 838 cum
1057 795 1126 839 con·

107 865 184 947 iuge
218 864 253 928 in
284 863 432 928 Romano
460 864 598 947 imperio
626 863 762 928 heredes
790 862 854 927 sibi
886 866 964 947 post
991 865 1126 928 mortem

109 975 202 1017 suam
231 973 437 1023 successuros
465 953 588 1017 ibidem
616 974 726 1018 coram
753 952 907 1017 universo
938 955 1055 1017 senatu
1084 952 1125 1015 in·

108 1041 219 1106 stituit
246 1063 344 1105 manu
371 1042 518 1126 propria:
551 1041 635 1126 quod
660 1045 693 1106 et
719 1040 785 1124 ipsi
810 1041 1050 1106 ambasiatores
1072 1041 1125 1104 im·

106 1130 270 1215 peratoris
295 1128 492 1195 Graecorum
521 1130 560 1194 de
588 1130 726 1216 imperio
758 1127 955 1194 Graecorum
983 1129 1156 1194 fecerunt1⁰

107 1239 124 1282 e
155 1239 319 1283 converso.
363 1217 425 1283 His
458 1240 536 1283 vero
564 1219 715 1284 omnibus
743 1219 885 1302 peractis
915 1215 1125 1283 Constantius

105 1306 176 1372 filio
196 1305 410 1372 Constantino
435 1311 469 1372 et
492 1329 569 1373 suae
592 1308 724 1391 coniugi
747 1329 820 1372 cum
844 1329 883 1373 ea
906 1307 1126 1372 sollemnitate

105 1395 178 1460 fieri
201 1394 280 1459 fecit
301 1395 434 1478 nuptias
459 1417 496 1460 ac
520 1397 548 1461 si
571 1397 627 1460 illo
651 1396 703 1460 die
727 1400 835 1460 essent
855 1395 998 1481 primum
1017 1396 1127 1460 matri·

106 1483 295 1548 monialiter
328 1484 480 1567 copulati.
530 1484 779 1550 Ambasiatores
811 1506 887 1549 vero
920 1484 1126 1569 imperatoris

109 1569 307 1637 Graecorum
327 1575 405 1657 post
426 1573 489 1638 hoc
508 1594 580 1637 cum
598 1573 728 1657 magnis
747 1574 937 1639 muneribus
957 1578 991 1639 et
1009 1585 1159 1659 magnolss

105 1660 230 1726 honore
253 1661 445 1726 reviserunt.

51 1743 96 1808 48
197 1749 344 1825 Qualiter
377 1751 487 1815 autem
520 1747 755 1816 Constantinus
785 1753 916 1816 mortuo
946 1773 1006 1817 suo
1036 1753 1128 1835 patre

110 1836 305 1903 Constantio
328 1837 364 1902 in
385 1837 534 1904 Romano
557 1839 695 1924 imperio
720 1844 752 1904 et
775 1842 905 1905 mortuo
934 1861 993 1904 suo
1018 1861 1129 1906 socero

105 1927 141 1991 in
180 1924 378 1992 Graecorum
414 1928 552 2012 imperio
591 1929 783 1992 successerit
819 1931 853 1993 et
888 1928 996 1993 factus
1029 1929 1129 1995 fuerit

105 2015 207 2080 totius
236 2015 358 2080 saeculi
386 2016 577 2099 monarcha,
606 2016 747 2100 qualiter
775 2039 795 2080 a
821 2015 941 2082 Sancto
967 2015 1162 2084 silvesnoa

104 2125 240 2257 llll
267 2103 368 2276 tlt
387 2103 1128 2278 ursianibalensis

105 2280 333 2366 potentissime
352 2281 504 2364 regnavit
522 2284 556 2346 et
574 2281 714 2365 qualiter
734 2286 847 2347 sancta
864 2281 1002 2367 Helena,
1023 2218 1129 2350 uiator

106 2366 328 2452 Constantini,
356 2367 622 2454 Hierosolymam
643 2370 742 2436 iverit
770 2375 803 2436 et
826 2376 974 2436 sanctam
999 2394 1129 2438 crucem

105 2458 229 2523 ibidem
259 2458 433 2542 invenerit,
460 2458 588 2543 require
616 2459 650 2522 in
678 2459 746 2524 suis
774 2460 864 2525 locis.
900 2458 993 2525 Haec
1017 2465 1164 2527 autem&

104 2547 160 2612 hic
183 2547 282 2612 scribi
305 2546 356 2612 fas
378 2568 445 2612 non
463 2550 592 2613 estnec
610 2551 753 2633 oportet,
777 2547 833 2612 sed
854 2548 937 2614 hacc
961 2548 1130 2616 sufficiant

105 2657 166 2719 pro
190 2638 266 2700 ortu
289 2632 498 2700 Constantini
528 2635 583 2700 hic
604 2636 705 2700 fuisse
729 2636 854 2721 scripta
876 2637 917 2702 ad
940 2637 1075 2704 laudem
1097 2643 1130 2704 et

104 2722 263 2788 honorem
291 2723 477 2788 individuae
504 2724 679 2807 trinitatis,
708 2725 813 2810 patris
837 2729 871 2791 et
893 2726 954 2790 filii
977 2731 1012 2792 et
1036 2728 1130 2813 spiri·

104 2814 158 2876 tus
182 2812 297 2895 sancti,
320 2812 552 2895 omnipotentis
572 2813 632 2897 dei,
652 2815 708 2898 qui
726 2818 777 2879 est
794 2813 956 2881 mirabilis
976 2816 1012 2880 in
1030 2817 1129 2883 factis

107 2901 173 2964 suis
192 2904 226 2963 et
243 2899 441 2964 mirabiliter
460 2901 634 2966 secundum
654 2924 731 2970 suae
750 2903 926 2969 ineffabilis
945 2906 1128 2989 sapientiae
1139 2917 1162 2960 θ

106 2987 346 3071 providentiam
374 2989 557 3073 praemissa
583 2990 655 3055 fieri
679 2992 853 3077 disposuit3
883 2994 1004 3077 quique
1029 2995 1129 3060 etiarn

107 3074 368 3140 estbenedictus
391 3076 427 3141 in
450 3078 581 3143 saecula
603 3080 813 3146 saeculorum.
849 3079 965 3147 Arnen.

113 3232 127 3251 ‘
180 3231 392 3288 lconsumavit
410 3234 487 3290 codd.
561 3235 791 3292 sconsancinus
806 3237 843 3294 F.
916 3243 1128 3295 asuccescuros

106 3305 146 3372 D,
165 3318 340 3358 successores
358 3303 394 3359 F.
483 3309 515 3359 11
535 3305 591 3360 hiis
610 3309 686 3363 codd.
761 3306 961 3363 Constantinus
981 3309 1018 3366 1⁴⁷.
1094 3316 1127 3366 12

105 3373 319 3447 sollempnitate
338 3375 415 3431 codd.
498 3381 532 3431 14
550 3377 793 3434 Ambaciatoribus
811 3381 888 3436 codd.
966 3387 1001 3437 22
1020 3383 1056 3439 de
1071 3396 1127 3439 mo·

93 3449 199 3506 dorum
218 3447 373 3506 mutatione
392 3447 426 3518 cf.
447 3446 486 3504 od
499 3463 561 3520 cop.
576 3453 623 3506 27.
693 3455 730 3504 ‘ze
745 3449 923 3506 Constantini
940 3452 1034 3508 mater
1048 3451 1086 3511 F.

406 3528 896 3607 Udmmlunbi

530 3715 628 3740 ΛΛῚ*
653 3724 704 3740 exa
733 3712 828 3740 ΊΆῚΠ
