2356 3846
133 113 197 176 134
504 112 536 178 Q.
556 111 666 168 GURTI
684 112 771 169 amu
874 123 877 127 ’

130 259 244 324 tulisse
264 278 298 322 se
320 256 478 322 adfirmat.
518 256 589 334 Quo
607 257 759 342 propiore
782 257 885 342 gradu
908 256 1072 322 amicitiae
1094 278 1145 324 me

78 366 111 414 aa
131 346 308 432 contingis,
335 345 397 420 hoc
423 345 528 410 maius
552 349 603 410 est
625 345 894 410 dissimulationis
916 349 993 411 tuae
1018 345 1145 412 facinus

131 440 164 500 et
196 455 257 520 ego
284 430 440 499 Cebalino
473 434 577 519 magis
608 455 706 519 quam
732 433 883 499 Philotae
912 433 946 498 id
975 435 1146 502 convenire

130 523 245 589 fateor.
281 521 456 587 Faventem
474 522 574 587 habes
594 522 745 605 iudicem,
764 522 805 602 si,
824 521 910 606 quod
929 521 1063 588 admitti
1079 542 1147 588 non

78 630 112 679 ss
132 611 287 696 oportuit,
320 611 438 676 saltem
469 611 603 696 purgari
633 608 763 694 potest'.
810 610 861 675 Ad
885 610 965 678 haec
996 610 1147 677 Philotas

130 699 217 763 haud
235 720 312 764 sane
332 699 492 782 trepidus,
515 701 544 764 si
562 699 688 764 animus
707 699 800 764 vultu
819 699 1063 774 aestimaretur,
1088 698 1146 765 Oe·

130 788 279 853 belinum
303 788 432 871 quidem
451 788 549 853 scorti
572 808 754 854 sermonem
776 787 816 852 ad
836 806 871 852 se
893 787 1065 872 detulisse,
1090 788 1147 854 sed

130 877 238 960 ipsum
256 877 406 940 temleri
425 876 551 941 auctori
568 875 651 940 nihil
670 875 844 941 credidisse
862 877 1044 960 rospondit,
1065 878 1147 942 reri·

130 969 214 1048 tum,
236 986 277 1030 ne
298 965 440 1049 iurgium
459 964 543 1029 inter
562 969 739 1029 amatorem
758 967 791 1029 et
809 963 972 1028 exoletum
990 984 1057 1030 non
1077 966 1146 1030 sine

31 1112 47 1129 χ
77 1071 113 1121 84
131 1054 199 1118 risu
214 1053 352 1118 aliorum
364 1052 547 1118 detulisset:
566 1072 639 1117 oum
654 1051 802 1137 Dymnus
816 1055 920 1117 semet
933 1053 1147 1136 interemerit,

131 1141 378 1226 qualiacumque
402 1147 506 1224 erant,
528 1160 595 1206 non
617 1141 718 1207 fuisse
736 1140 908 1206 reticenda.
945 1139 1147 1225 Conplexus-

131 1251 192 1314 que
215 1248 324 1314 regem
349 1244 442 1294 orare
465 1229 585 1313 coepit,
607 1234 645 1294 ut
667 1229 876 1312 praeteritam
899 1229 1001 1294 vitem
1026 1230 1147 1313 potins,

131 1338 229 1401 quam
241 1317 377 1401 eulpam,
392 1316 513 1381 silentii
526 1321 645 1400 tamen,
659 1336 725 1382 non
738 1317 818 1381 lacti
830 1316 938 1398 ullius,
953 1318 1146 1384 intueretur.

77 1426 111 1476 aa
130 1405 227 1469 Haud
245 1404 341 1470 facile
359 1405 506 1488 dixerim,
524 1405 737 1470 credideritne
752 1404 782 1469 ei
795 1424 860 1488 rex,
879 1425 921 1470 an
940 1405 1145 1472 altius-iram

131 1492 364 1578 suppresserit:
401 1492 566 1557 dexteram
603 1493 828 1558 reconciliatae
865 1494 991 1578 gratiae
1025 1495 1144 1580 pignus

130 1583 250 1648 obtulit
273 1586 306 1646 et
329 1585 549 1664 contemptum
572 1582 676 1666 magis
703 1601 799 1665 quam
822 1581 964 1647 celatum
987 1579 1145 1649 indicium

130 1693 201 1736 esse
224 1670 325 1735 videri
348 1669 411 1734 sibi
433 1669 524 1734 dixit.

537 1826 617 1894 One.
640 1825 730 1892 VIIL

96 1958 110 2006 1
217 1934 386 1999 Advocato
406 1935 476 1998 tum
495 1932 632 1999 consilio
650 1933 841 2012 amicorum,
864 1932 916 1998 oui
938 1936 1051 1999 tamen
1069 1931 1142 1999 Phi·
1173 1940 1178 1965 ⁴

130 2024 214 2089 lotas
238 2021 402 2087 adhibitus
425 2041 492 2085 non
515 2024 578 2104 est,
604 2017 838 2086 Nicomachum
860 2019 1023 2087 introduci
1046 2020 1144 2088 iubet

95 2133 111 2182 s
130 2112 163 2176 Is
187 2110 313 2192 eadem,
336 2130 418 2193 quse
440 2108 602 2173 detulerat
620 2109 721 2189 ¹frater
743 2109 783 2174 ad
806 2128 931 2194 regem,
955 2108 1068 2175 ordine
1092 2130 1144 2176 ex·

130 2199 248 2284 posuit.
284 2197 367 2262 Erat
381 2195 534 2263 Craterus
553 2197 624 2282 regi
646 2216 738 2262 carus
762 2197 930 2281 inpauois
952 2201 987 2262 et
1008 2218 1050 2264 eo
1068 2197 1143 2264 Phi·

95 2311 111 2358 a
131 2289 218 2353 lotae
233 2286 275 2352 ob
290 2286 540 2351 aemulationem
554 2284 724 2370 dignitatis
741 2285 909 2350 adversust
927 2304 1033 2370 neque
1051 2286 1144 2372 igno·

130 2377 234 2460 rabat,
253 2387 349 2458 saepe
363 2373 541 2440 Alexandri
559 2372 691 2438 auribus
704 2372 806 2439 nimia
819 2373 996 2451 iactatione
1009 2373 1143 2442 virtutis

131 2469 228 2550 atque
238 2483 354 2548 operae
368 2482 500 2548 gravem
514 2461 613 2527 fnisse
625 2465 659 2526 et
672 2461 714 2527 ob
729 2482 768 2526 ea
780 2481 848 2526 non
861 2462 992 2546 quidem
1003 2462 1145 2547 sceleris,

94 2575 112 2623 4
131 2555 188 2619 sed
202 2551 423 2620 contumaciae
436 2555 548 2616 tamen
562 2570 632 2616 esse
645 2554 840 2635 suspectum.
867 2547 943 2615 Non
956 2550 1059 2616 aliam
1070 2572 1145 2636 pre·

131 2642 238 2706 mendi
256 2639 380 2705 inimici
394 2640 597 2706 occasionem
612 2640 771 2724 aptiorem
789 2637 931 2704 futuram
948 2641 1052 2722 ratas,
1070 2639 1144 2706 odio

131 2750 189 2795 suo
216 2728 350 2814 pietatis
372 2727 557 2812 praeferens
580 2728 733 2812 speciem,
761 2724 929 2811 ‘uunam',
950 2726 1073 2812 inquit,
1099 2727 1145 2795 ‘in

96 2838 113 2886 o
130 2817 291 2901 principio
311 2836 437 2901 quoque
455 2815 551 2880 huius
565 2814 614 2880 rei
629 2814 798 2880 nobiseum
812 2815 1041 2881 deliberassesl
1065 2813 1143 2882 Sus·

131 2905 297 2985 siccamus,
320 2905 348 2969 si
366 2903 515 2969 Philotae
533 2902 634 2968 velles
653 2902 833 2988 ignoscere,
855 2903 1014 2988 patereris
1033 2905 1144 2989 potius

130 2993 282 3075 ignorare
306 3012 391 3076 eum,
422 2995 578 3077 quantum
601 2990 734 3055 deberet
755 2990 831 3075 tibi,
858 3012 955 3076 quam
977 3012 1081 3076 nsque
1105 2992 1144 3058 sd

130 3079 246 3146 mortis
269 3084 392 3146 metum
420 3081 593 3146 adductum
616 3098 746 3164 cogeres
772 3079 903 3164 saepius
931 3079 971 3146 de
998 3080 1144 3166 periculo

131 3190 204 3250 suo,
222 3168 378 3252 quamde
396 3172 453 3234 tuo
471 3168 617 3254 cogitare
636 3166 798 3234 beneficio.
834 3166 893 3233 Ille
912 3169 999 3234 enim
1017 3188 1145 3255 semper

130 3255 278 3322 insidiari
300 3254 362 3322 tibi
389 3258 523 3342 poterit,
551 3259 588 3322 ta
609 3275 676 3320 non
698 3275 824 3340 semper
846 3254 998 3322 Philotae
1020 3259 1144 3342 poteris

92 3346 307 3430 oignoscere.
350 3342 420 3410 Nec
443 3349 505 3428 est,
527 3343 613 3431 quod
636 3343 800 3409 existimes
823 3365 909 3429 eum,
934 3344 991 3430 qui
1013 3349 1143 3413 tentum

114 3454 220 3500 ausus
242 3441 308 3522 est,
340 3434 437 3503 venie
463 3452 561 3521 posse
583 3432 712 3500 mamni.
752 3429 821 3499 Scit
843 3453 912 3516 eos,
940 3434 996 3518 qui
1018 3435 1144 3501 miseri·

96 3523 253 3592 cordiam
287 3527 592 3615 consumpserunt,
622 3520 765 3608 amplius
791 3538 923 3605 sperare
950 3539 1023 3583 non
1045 3542 1153 3602 passe,
