2356 3846
510 210 726 274 ..16-

109 371 145 435 in
177 370 285 435 insula
317 369 528 455 dormientem
560 368 624 454 ipsi
655 340 716 435 dos
748 389 814 433 una
846 389 919 433 cum
952 365 994 432 iis
1030 387 1124 432 naves

109 461 251 524 intrasse
274 458 413 523 fortasse
437 458 603 524 credentes
622 459 719 524 nobis
742 457 796 523 hic
819 455 1061 523 dormientibus
1081 476 1124 520 rc

109 549 195 614 lictis
218 545 441 613 recesserunt'.

56 631 101 698 25
199 637 249 702 De
281 636 425 701 tentorio
458 658 599 721 quoque,
630 636 665 701 in
698 658 761 720 quo
794 635 856 719 ipsi
889 636 1047 721 coniuges
1073 656 1125 718 per

111 729 241 792 noctem
274 725 486 808 dormierant,
519 747 557 790 ac
589 747 700 790 eorum
732 724 890 789 universis
923 723 1144 789 lectisterniisr

113 816 237 900 capetis
267 818 300 879 et
327 815 540 899 apparatibus
567 814 721 898 pretiosis
750 817 783 879 et
809 811 977 878 nobilibus
1008 813 1126 878 nullam

112 904 245 990 penitus
269 904 465 968 mentionem
484 903 589 969 facere
609 903 680 968 ausi
698 903 828 968 fixerunt
850 902 1017 986 timentes,
1039 901 1126 987 quod,

114 994 142 1059 si
165 993 316 1058 homines
339 992 389 1057 illi
412 1014 463 1057 res
486 991 673 1057 huiusmodi
697 998 731 1056 et
754 1013 865 1057 earum
892 992 1125 1075 pretiositatem

113 1082 276 1164 viderent,
312 1104 381 1146 rem
413 1082 462 1146 ita
494 1103 565 1146 esse
597 1082 682 1146 sicut
714 1080 910 1146 rettulerant
945 1080 1125 1145 nullatenus

115 1171 339 1236 existimantes
363 1170 402 1234 de
427 1171 468 1234 iis
491 1170 631 1235 fortasse
649 1171 747 1235 aliter
766 1169 911 1235 facerent
929 1191 1030 1254 quam
1053 1169 1125 1253 ipsis
1135 1186 1154 1227 ιο

113 1260 148 1326 et
174 1259 313 1323 utilitati
341 1280 453 1323 eorum
476 1259 675 1344 conveniret3
705 1281 841 1343 quorum
864 1258 984 1323 timore
1008 1258 1073 1343 ipsi
1093 1257 1126 1322 de

113 1347 288 1433 praedictis
312 1347 522 1412 lectisterniis
547 1354 579 1412 et
606 1349 704 1413 rebus
728 1347 919 1431 simpliciter
943 1351 979 1412 et
1002 1346 1126 1413 omnino

113 1439 286 1501 tacuerunt
310 1439 343 1500 et
367 1457 421 1500 eas
444 1436 577 1520 perdere
596 1441 629 1501 et
651 1437 699 1501 ibi
718 1436 882 1501 dimittere
901 1437 1014 1519 potius
1038 1457 1127 1521 quan

111 1525 279 1610 periculis,
308 1547 389 1610 quae
414 1525 618 1609 expeditione
643 1527 789 1609 ipsarum
812 1526 941 1590 evenire
965 1524 1128 1607 timebant,

113 1637 148 1681 se
181 1613 372 1679 submittere
405 1615 623 1679 decreverunt.
673 1613 832 1679 Homines
865 1617 976 1679 autem
1013 1615 1067 1678 illi
1101 1616 1157 1678 uo

112 1704 244 1768 nauium
269 1703 443 1768 eorumdem
467 1704 598 1787 patroni
621 1703 769 1768 videntes
797 1704 886 1787 ipsos
909 1706 981 1767 tam
1003 1703 1129 1769 iuvenes

113 1795 148 1857 et
171 1792 355 1876 praeclaros
379 1813 439 1856 nec
462 1792 628 1857 credentes
649 1813 704 1856 eos
728 1791 861 1875 aliquod
883 1792 1040 1857 fictitium
1063 1813 1130 1858 con·

112 1883 235 1966 fingere
255 1880 335 1945 scire
356 1881 412 1945 sed
430 1903 500 1945 rem
523 1881 571 1945 ita
589 1901 660 1946 esse
680 1881 765 1945 sicut
787 1881 983 1946 rettulerant
1002 1882 1129 1946 omnino

115 1970 328 2035 aestimantes
349 1969 453 2035 dictos
468 1970 623 2055 coniuges
639 1970 860 2035 misericordia
874 1971 957 2034 moti
978 1970 1020 2034 ad
1038 1991 1129 2035 nares

115 2082 190 2124 suas
219 2059 432 2142 suscipientes
460 2081 562 2142 usque
591 2059 631 2122 ad
662 2063 794 2142 portum
824 2058 1065 2146 Romanorum,
1095 2057 1158 2124 adr·

115 2171 211 2233 quem
233 2151 306 2212 tum
330 2147 412 2212 alias
436 2149 515 2213 ituri
539 2150 645 2232 erant,
669 2168 779 2211 secum
802 2148 1032 2232 perduxerunt

61 2232 103 2297 26
205 2235 287 2301 Cum
302 2239 409 2300 autem
425 2236 464 2301 ad
478 2236 617 2302 Romam
631 2236 866 2320 pervenissent,
885 2237 991 2321 gavisi
1005 2237 1131 2302 fuerunt

114 2324 233 2410 gaudio
262 2345 382 2409 magno
410 2324 504 2389 valde
529 2329 562 2389 et
589 2325 685 2389 deum
712 2325 748 2388 in
771 2325 922 2390 cordibus
948 2325 1017 2392 suis
1044 2327 1131 2391 bene·

114 2414 256 2480 dicentes
276 2413 438 2479 dixerunt:
465 2412 626 2498 ‘Domina
645 2413 723 2477 deus
744 2414 962 2498 omnipotens,
981 2415 1041 2500 qui
1058 2437 1130 2480 nun·

114 2526 212 2588 quam
239 2502 360 2567 deseris
391 2507 560 2587 sperantes
583 2503 618 2567 in
641 2507 688 2586 te,
715 2502 778 2567 tibi
806 2503 929 2587 gratias
954 2503 1156 2586 referimus*

115 2592 171 2676 qui
194 2614 254 2656 nos
278 2591 317 2656 de
340 2595 446 2656 morte
470 2593 510 2656 ad
533 2593 647 2675 vitam,
671 2590 710 2654 de
728 2591 882 2675 periculis
905 2592 1129 2678 navigantium

115 2681 156 2744 ad
179 2679 347 2744 felicitatis
371 2686 515 2765 portum,
543 2681 582 2746 de
610 2679 819 2745 damnatione
842 2680 883 2744 ad
905 2681 994 2746 viam
1019 2680 1129 2746 salutis

115 2769 303 2853 perduxisti.
342 2768 421 2845 Quis
441 2771 527 2834 enim
546 2791 701 2854 umquam
721 2769 864 2852 speravit
882 2769 918 2833 in
936 2773 983 2854 te,
1003 2771 1060 2855 qui
1079 2793 1094 2835 s
1115 2791 1130 2834 c

116 2880 174 2922 sua
196 2857 352 2922 frustrata
376 2862 523 2942 optatum
545 2881 613 2923 non
635 2859 842 2942 consequitur
860 2858 1049 2925 intentum?
1085 2793 1130 2924 de

115 2946 181 3010 isto
203 2968 264 3010 nec
281 2946 390 3030 aliqua
408 2948 642 3032 scripturarum
660 2951 772 3011 narrat
789 2947 929 3012 historia
949 2969 1010 3013 nec
1030 2949 1156 3014 cuius-³⁹

117 3056 241 3119 cunque
265 3035 405 3100 viventis
429 3037 569 3101 refertur
593 3059 663 3102 esse
687 3035 864 3100 memoria'.
908 3035 955 3101 Et
977 3059 1053 3103 cum
1075 3037 1132 3122 ipsi

117 3123 157 3187 ad
176 3127 308 3207 portum
326 3130 363 3188 ut
381 3126 526 3210 praedixi
545 3125 793 3211 applicuissent,
816 3130 970 3190 exeuntes
990 3127 1032 3192 de
1049 3127 1132 3193 navi·
1168 3194 1170 3213 ¹

116 3212 178 3276 bus
204 3216 236 3277 et
260 3213 367 3279 soluto
391 3216 489 3280 naulo
514 3215 580 3279 suis
606 3236 678 3279 cum
702 3215 883 3298 gratiarum
903 3215 1034 3282 actione
1052 3215 1133 3282 vale
1167 3220 1170 3297 l

117 3302 267 3366 dixerunt
296 3306 452 3385 patronis.
496 3304 541 3368 Et
573 3303 711 3388 ingressi
744 3305 858 3369 urbem
886 3303 1027 3370 Romam
1056 3303 1133 3372 Ocn-

179 3504 217 3554 27
236 3497 446 3573 dampnatione
466 3498 545 3554 codd.
