2356 3846
114 165 229 222 XXVIII
508 162 737 219 SUMMARIUM.

113 325 209 363 rarum
227 305 386 376 subigendo
404 304 532 360 consilia.
566 305 689 374 Orames,
708 305 794 360 Persa
811 304 1020 373 nobilissimus,
1039 305 1138 362 insons

115 377 256 450 supplicio
274 376 411 432 adficitur.
444 375 571 432 Litterae
590 393 625 432 ex
643 377 725 432 india
742 379 773 432 et
790 377 903 461 Europa
922 380 1063 446 acceptae.
1101 378 1136 432 H.

112 451 186 506 Dum
213 449 373 504 Alexander
401 447 479 502 Susis
508 447 614 503 stativa
639 449 748 504 habens
769 447 919 504 Graeciam
947 448 1137 504 seditionibus

112 522 307 593 perturbatam
324 535 427 590 pacare
446 520 549 588 studet,
568 518 693 576 militum
708 537 823 576 suorum
835 519 964 589 inopiam
979 520 1137 589 sublevare,

112 592 237 649 seniores
257 592 371 647 domum
383 589 530 646 remittere
543 593 635 660 parat,
653 591 684 645 in
699 590 799 646 castris
814 591 903 646 oritur
918 590 1030 659 seditio,
1050 608 1138 660 quam

111 667 208 720 tamen
235 663 366 746 opposIta
392 663 474 733 regia
498 661 669 718 auctoritate
696 662 777 717 brevi
808 661 859 717 ille
888 662 1041 745 conpescit.
1088 663 1135 717 ΠΙ.

111 736 157 791 IV.
191 734 341 790 Seditiosis
369 733 510 804 supplicio
537 733 672 802 adfectis,
699 732 891 788 Asiaticorum
916 735 1044 788 militum
1068 750 1136 788 con·

111 806 189 862 tione
217 806 368 874 advocata,
395 822 492 860 corum
516 821 545 860 se
569 821 656 875 opera
672 806 798 875 ,posthac
816 822 932 860 usurum
951 805 1023 860 dicit
1041 804 1136 874 iisque

111 877 236 947 corporis
251 877 409 933 custodiam
423 875 584 932 committit.
617 875 743 931 Militum
757 893 871 931 suorum
885 875 1063 946 paenitentia
1075 894 1136 932 non

40 957 92 1008 823
110 950 247 1004 movetur.
268 948 414 1021 [Sequitur
432 965 536 1030 magna
554 947 678 1029 lacuna]
715 948 748 1002 V.
778 947 838 1003 Rex
856 947 1041 1002 moribundus
1056 964 1135 1003 exer-

111 1020 200 1075 eitum
218 1020 332 1075 salutat.
365 1019 449 1074 Dicta
466 1035 528 1074 erus
542 1020 608 1073 ante
623 1018 741 1073 obitum.
774 1018 951 1073 Describitur
964 1020 1058 1074 luctus
1072 1019 1134 1074 Ma·

110 1091 256 1147 cadonum.
289 1091 374 1146 Darei
392 1092 484 1146 mater
502 1089 601 1144 audito
620 1088 681 1145 eius
700 1089 781 1146 obitu
799 1089 989 1145 voluntariam
1011 1091 1134 1145 mortem

110 1163 179 1218 obIt.
207 1161 361 1217 Alexandri
378 1161 499 1216 virtutes
518 1160 640 1216 etvitia.
677 1161 723 1216 VI.
752 1160 794 1215 De
809 1178 970 1216 successore
984 1161 1059 1217 inter
1073 1161 1134 1216 Ma·

109 1234 230 1289 oedones
248 1232 420 1288 consultatio
443 1235 474 1288 et
500 1231 596 1287 variae
624 1231 790 1287 sententiae.
837 1233 897 1287 VH.
935 1232 1132 1301 Arrhidaeum,

108 1304 235 1374 Philippi
257 1321 293 1359 ex
319 1303 411 1374 pelice
439 1303 542 1372 fllium,
570 1303 688 1358 fratrem
710 1302 876 1371 Alexandri,
903 1321 1000 1374 regem
1024 1304 1133 1359 salutat

108 1375 265 1446 Meleager:
283 1374 343 1439 filio
356 1374 510 1430 Alexandri
529 1390 563 1430 ex
576 1374 692 1429 Roxane
710 1374 806 1429 futuro
819 1374 985 1429 Perdiccam
999 1378 1029 1429 et
1042 1375 1131 1430 Leon-

108 1448 207 1501 natum
229 1447 338 1501 tutores
362 1445 487 1501 destinat
504 1445 616 1501 Pithon.
654 1445 686 1499 In
708 1445 816 1516 regiam
841 1445 987 1516 peditibus
1006 1446 1130 1516 stipatus

107 1517 245 1586 inrumpit
262 1517 434 1573 Arrhidaeus
453 1535 516 1572 cum
534 1516 690 1587 Meleagro:
710 1516 854 1586 equitibus
873 1517 1076 1573 comitantibus
1096 1535 1131 1572 ex

107 1589 177 1644 urbe
196 1589 330 1644 excedere
349 1591 479 1643 statuunt
496 1586 644 1644 Perdiccas
663 1591 693 1643 et
710 1588 878 1643 Leonnatus.
916 1589 987 1643 VHI.
1016 1588 1130 1644 Perdio-

109 1677 156 1714 cas
176 1677 191 1715 e
209 1659 286 1716 vitae
300 1659 426 1730 periculo
441 1661 567 1715 servatus
583 1659 691 1729 campis
705 1659 850 1730 occupatis
864 1659 1041 1729 Babylonem
1054 1660 1130 1716 fame

107 1730 218 1801 premit.
260 1730 431 1787 Arrhidaeus
459 1730 538 1802 pacis
567 1730 711 1786 studiosus
744 1730 955 1786 contentionem
982 1731 1130 1800 proposita

106 1802 201 1857 media
228 1803 351 1871 quadam
376 1802 501 1858 ratione
520 1819 688 1872 componere
716 1804 840 1857 conatur.
886 1802 933 1858 IX.
969 1802 1128 1871 Perdiccas,

107 1873 175 1928 dum
234 1872 291 1929 trio
314 1890 392 1929 more
415 1873 570 1929 exercitum
591 1874 707 1940 lustrat,
735 1873 909 1944 Meleagrum
932 1875 962 1928 et
985 1875 1128 1930 trecentos

105 1944 165 1999 fere
188 1890 260 1999 aiios
285 1944 445 2000 discordiae
468 1946 598 2000 auctores
623 1943 689 1999 dolo
712 1943 855 2014 opprimit.
901 1944 934 2000 X.
972 1943 1128 2001 Alexandri

105 2014 255 2086 Imperium
274 2015 378 2071 dividit
395 2015 557 2084 Perdiccas,
583 2032 722 2069 summam
740 2015 896 2071 Arrhidaeo
920 2019 949 2071 et
970 2015 1039 2083 sibl,
1062 2033 1126 2087 pro-

104 2084 213 2141 vincias
232 2085 304 2141 alias
322 2086 389 2142 aliis
407 2086 528 2141 ducibus
547 2085 714 2141 attribuens.
752 2086 861 2142 Seritur
878 2103 986 2155 rumor,
1005 2087 1126 2142 Alexan-

106 2158 188 2211 drum
205 2173 314 2213 veneno
339 2157 407 2214 dato
430 2174 493 2213 esse
510 2157 720 2228 interemptum.
767 2157 873 2229 (lorpue
892 2158 953 2214 eius
971 2157 1127 2230 Aegyptio·

104 2229 220 2356 {amssa}
239 2227 445 2285 chaldaeorum
466 2245 545 2284 more
570 2231 700 2285 curatum
722 2229 901 2286 Ptolemaeus
924 2229 1126 2286 Alexandriam

119 2315 171 2355 ran
213 2302 248 2355 rt.
