2356 3846
132 113 196 176 126
507 111 539 178 o.
559 112 773 168 evannum
818 193 821 197 ι

131 261 236 323 tortos
255 277 365 321 rursus
388 256 536 322 inserunt
553 261 672 322 terrae:
694 256 769 322 inde
787 258 877 322 velut
896 279 935 322 ex
953 256 1020 322 alia
1038 257 1145 323 radice

79 358 111 407 15
130 346 283 410 laetiores
305 345 413 409 virent
434 346 549 410 trunci.
595 345 679 427 Hos,
708 367 773 429 qua
795 349 915 410 natura
935 345 1016 430 fert,
1040 345 1145 412 adole

130 455 218 499 scere
240 454 306 498 non
335 433 459 516 sinunt,
488 434 608 517 quippe
632 435 731 498 alium
759 433 815 498 alii
840 434 934 517 quasi
960 455 1048 499 nexu
1076 455 1146 499 con·

130 525 254 586 serunt:
287 521 341 604 qui
373 522 429 586 uhi
461 522 564 587 multa
590 521 705 587 fronde
732 521 843 587 vestiti
871 526 960 605 sunt,
992 523 1144 607 operiunt

128 615 259 674 terram.
304 609 419 694 Itaque
447 610 565 674 occulti
591 632 757 675 ramorum
785 611 874 675 velut
900 610 1011 694 laquei
1035 632 1145 696 perpe·

78 712 109 760 re
128 703 187 762 tua
210 720 307 781 saepe
320 698 383 763 iter
397 698 538 763 cludunt.
574 696 648 763 Una
661 699 747 763 ratio
763 703 832 763 erat
845 698 1006 763 caedendo
1022 700 1146 783 aperire

129 786 264 870 saltum,
292 786 348 850 sed
376 786 438 850 hoc
466 807 592 870 quoque
620 787 730 871 magni
755 786 872 870 operis.
917 784 1034 852 Crebri
1056 809 1145 851 narn·

128 896 189 964 que
208 874 285 939 nodi
304 874 500 939 duraverant
520 874 648 960 stipites
667 879 701 939 et
718 875 753 939 in
772 896 806 939 se
823 874 974 959 inplicati
992 875 1146 942 arborum

127 964 211 1027 rami
239 963 400 1045 suspensis
429 962 556 1027 circulis
589 962 710 1028 similes
742 964 830 1027 lento
860 962 981 1027 vimine
1008 962 1145 1028 frustra·

77 1065 108 1112 17
128 1051 247 1115 bantur
278 1051 370 1115 ictus.
415 1049 546 1117 Incolae
583 1056 691 1115 autem
727 1051 794 1116 ritu
824 1051 968 1115 ferarum
1000 1052 1145 1137 virgulta

128 1139 237 1203 subire
266 1139 353 1203 soliti
380 1141 450 1204 tum
474 1161 600 1223 quoque
628 1140 829 1204 intraverant
850 1139 973 1204 saltum
995 1140 1145 1205 occultis·

128 1249 189 1311 que
216 1227 292 1291 telis
318 1226 448 1291 hostem
475 1226 687 1292 lacessebant.
739 1226 800 1292 Ille
827 1227 1019 1292 venantium
1049 1220 1168 1294 modol

127 1315 266 1379 latibula
284 1318 447 1379 scrutatus
466 1315 636 1399 plerosque
655 1316 809 1381 confodit.
845 1314 897 1379 Ad
915 1315 1068 1380 ultimum
1088 1317 1145 1382 cir·

128 1402 248 1467 cumire
275 1423 330 1467 rex
358 1402 477 1467 saltum
506 1403 627 1468 milites
656 1403 760 1486 iubet,
787 1407 836 1485 ut,
865 1404 893 1468 si
921 1424 986 1487 qua
1008 1408 1146 1488 pateret,

76 1492 109 1543 18
127 1490 358 1573 inrumperent.
405 1488 466 1555 Sed
499 1491 620 1575 ignotis
652 1492 732 1556 locis
764 1491 917 1574 plerique·
937 1492 1145 1576 oberrabant,

128 1579 317 1662 exceptique
344 1583 420 1643 sunt
448 1579 593 1663 quidam,
625 1580 711 1645 inter
738 1602 819 1664 quos
852 1600 953 1663 equus
985 1580 1075 1665 regis
1105 1616 1142 1630 -

127 1666 349 1750 Bucephalam
372 1668 591 1732 vocabant-
617 1689 712 1752 quem
736 1666 919 1732 Alexander
941 1689 1008 1732 non
1032 1669 1144 1734 eodem

127 1778 191 1839 quo
220 1760 344 1821 ceteras
372 1755 511 1838 pecudes
534 1756 642 1821 animo
666 1757 870 1820 aestimabat.
914 1755 1066 1840 Namque
1089 1757 1145 1822 ille

127 1865 187 1909 nec
211 1845 247 1908 in
270 1846 366 1908 dorso
389 1844 529 1909 insidere
553 1866 611 1909 suo
634 1844 819 1927 patiebatur
843 1843 943 1908 alium
967 1848 1001 1908 et
1024 1865 1145 1930 regem,

91 1956 94 1963 ·
129 1954 201 1997 cum
219 1932 318 1996 vellet
337 1932 516 2014 ascendere,
539 1936 652 2014 sponte
671 1953 776 2017 genua
794 1932 988 1996 submittens
1008 1934 1144 2017 excipio

77 2032 108 2080 19
128 2020 186 2084 bat
205 2019 456 2102 credebaturque
475 2021 605 2101 sentire,
624 2042 718 2104 quem
738 2020 877 2085 veheret.
912 2019 1038 2085 Maiore
1055 2042 1144 2108 ergo,

128 2130 226 2191 quam
250 2106 397 2189 decebat,
424 2108 474 2170 ira
501 2108 598 2171 simul
622 2129 659 2171 ac
682 2107 792 2173 dolore
815 2108 1002 2173 stimulatus
1026 2131 1144 2194 equum

128 2195 284 2278 vestigari
321 2194 412 2258 iubet
448 2198 481 2258 et
515 2216 573 2278 per
609 2196 818 2278 interpretem
854 2197 1076 2282 pronuntiari,
1111 2199 1144 2263 ni

127 2283 356 2364 reddidissent,
383 2283 544 2347 neminem
572 2304 643 2348 esse
669 2285 837 2348 victurum.
881 2283 953 2349 Hac
974 2284 1143 2352 denuntia·

77 2384 111 2433 20
130 2372 219 2436 tione
242 2371 349 2436 territi
372 2392 445 2435 cum
468 2371 583 2436 ceteris
606 2371 699 2436 donis
723 2393 840 2456 equum
864 2371 1034 2437 adducunt
1081 2373 1142 2440 Sed

129 2483 170 2526 ne
193 2460 239 2524 sic
261 2459 388 2542 quidem
412 2459 583 2542 mitigatus
607 2459 697 2524 caedi
716 2461 814 2524 silvas
833 2460 925 2524 iubat
943 2460 1143 2548 adgestaque

127 2549 227 2614 humo
243 2570 260 2613 e
275 2548 440 2612 montibus
455 2547 624 2631 planitiem
638 2549 738 2612 ramis
752 2548 929 2633 inpeditam
944 2550 1142 2636 exaggerari.

76 2637 199 2703 allam
221 2639 257 2702 irc
279 2637 481 2720 aliquantum
500 2635 683 2701 altitudinis
700 2658 781 2721 opus
801 2640 954 2720 creverat,
977 2659 1052 2703 cum
1072 2641 1140 2705 bar-

130 2727 213 2808 bari,
242 2725 410 2808 desperato
438 2725 617 2810 regionem,
645 2747 742 2808 quam
770 2728 1020 2811 occupaverant,
1046 2748 1140 2812 posse

128 2814 270 2897 retineri,
289 2817 418 2897 gentem
437 2835 528 2878 suam
548 2811 705 2877 dedidere.
736 2813 805 2878 Rex
820 2813 986 2879 obsidibus
1001 2817 1141 2900 acceptis

128 2900 283 2965 Phradati
306 2922 420 2984 parere
443 2923 498 2966 eos
521 2900 626 2964 iussit.

76 3000 109 3048 22
166 3011 168 3015 ·
217 2988 296 3053 Inde
318 2991 433 3073 quinto
457 2989 508 3052 die
526 2988 561 3051 in
580 2988 700 3052 stativa
720 2990 903 3054 revertitur.
943 2987 1177 3058 Artabazuml

129 3076 243 3141 deinde
275 3078 440 3160 geminato
467 3076 604 3158 honore,
636 3096 732 3158 quem
758 3074 883 3141 Dareus
912 3078 1076 3146 habuerat
1106 3083 1142 3166 ei,

128 3165 267 3229 remittit
295 3165 434 3229 domum.
479 3162 549 3228 lam
578 3162 619 3227 ad
645 3164 759 3227 urbem
786 3163 984 3250 Hyrcaniae,
1016 3169 1053 3233 in
1080 3191 1143 3255 qua

128 3253 219 3337 regia
241 3249 340 3316 Darei
363 3253 438 3333 fuit,
463 3255 594 3317 ventum
612 3255 696 3315 erat:
717 3252 763 3315 ibi
781 3251 989 3320 Nabarzanes
1009 3261 1143 3343 accepta

76 3345 109 3393 23
128 3341 191 3406 lide
209 3340 350 3406 occurrit
368 3341 452 3406 dona
470 3341 616 3425 ingentia
633 3339 748 3404 ferens.
792 3338 883 3405 Inter
905 3363 987 3425 quae
1011 3344 1143 3431 Bagoas

127 3434 211 3514 erat,
234 3429 342 3514 specie
365 3429 523 3514 singulari
547 3428 647 3514 spado
672 3431 769 3511 atque
792 3427 826 3491 in
849 3429 921 3512 ipso
940 3430 1021 3497 flore
1038 3435 1143 3518 pueri-

110 3519 190 3604 tiae,
221 3519 278 3585 cui
304 3523 340 3586 et
365 3517 496 3587 Dareus
525 3517 679 3585 adsuetus
703 3515 813 3581 tuerat
839 3519 873 3580 et
897 3539 976 3582 mox
1003 3519 1143 3588 Alexan·
