2356 3846
116 159 182 225 204
490 159 521 224 o.
541 158 652 213 cuam
670 157 757 214 aum

117 304 247 390 quidem
265 306 371 369 morte
389 300 558 368 defunctus
577 306 642 368 est:
665 300 760 368 duces
779 301 978 369 exercituum
1000 307 1134 370 tuorum

116 393 151 458 in
169 392 313 459 eculeum
332 390 469 475 inpositi
485 388 604 474 Persis,
623 411 703 474 quos
722 390 878 475 vicerant,
895 390 987 457 fuere
1006 396 1132 476 specta-

117 480 199 547 culo.
230 479 401 545 Parmenio
420 477 543 544 indicta
560 499 657 544 causa
674 478 855 544 trucidatus
874 481 937 564 est,
957 501 1132 565 perquem

81 568 264 633 aAttalum
297 567 467 633 occideras.
516 565 657 632 Invicem
690 567 775 632 enim
807 567 1000 633 miserorum
1030 569 1133 634 uteris

117 657 267 721 manibus
291 655 332 721 ad
355 654 534 740 expetenda
562 655 720 740 supplicia
748 659 793 739 et,
821 677 902 739 quos
929 656 1029 739 paulo
1058 661 1133 722 ante

118 744 283 810 ministros
307 744 413 810 caedis
435 743 594 827 habuisti,
622 743 731 809 subito
754 745 795 809 ab
819 743 893 808 aliis
916 744 1008 811 iubes
1032 746 1132 810 truci-

83 831 209 899 rdari?
263 831 466 917 Obstrepunt
501 830 636 897 subinde
672 832 778 897 cuncti
813 831 1004 916 Hermolao,
1040 837 1133 917 pater

117 942 303 1005 supremum
326 921 503 986 strinxerat
523 920 659 1004 ferrum,
683 942 893 1004 percussurus
915 920 1002 986 haud
1027 920 1133 1005 dubie,

116 1009 153 1074 ni
175 1009 333 1074 inhibitus
362 1011 448 1074 esset
474 1031 494 1075 a
521 1028 611 1092 rege:
639 1009 758 1093 quippe
784 1006 998 1074 Hermolaum
1027 1008 1132 1076 dicere

116 1097 213 1162 iussit
230 1097 401 1182 petiitque,
420 1099 458 1162 ut
475 1117 588 1161 causas
607 1097 759 1180 supplicii
776 1100 949 1182 augentem
968 1097 1133 1181 patienter

81 1185 276 1250 &audirent
333 1183 441 1270 Aegre
477 1204 554 1269 ergo
592 1185 739 1251 coercitis
775 1207 885 1251 rursus
920 1183 1176 1254 Hermolausrtb

118 1272 235 1350 ‘Quam
254 1260 455 1351 liberaliter’,
477 1271 592 1356 inquit,
610 1269 729 1356 ‘pueris
747 1273 882 1339 rudibus
902 1273 942 1339 ad
961 1274 1133 1340 dicendum

119 1381 215 1445 agere
242 1360 420 1443 permittis!
452 1362 487 1424 at
513 1357 724 1426 Callisthenis
755 1382 818 1426 vox
848 1383 976 1427 carcere
1006 1363 1134 1428 inclusa

81 1451 184 1532 cest,
214 1449 290 1532 quia
323 1448 412 1513 solus
444 1450 554 1532 potest
584 1447 697 1513 dicere.
748 1445 814 1513 Cur
845 1450 931 1514 enim
962 1470 1030 1515 non
1060 1472 1134 1535 pro-

119 1536 258 1619 ducitur,
287 1556 360 1601 cum
388 1535 488 1601 etiam
515 1534 656 1600 confessi
682 1535 880 1602 audiuntur?
910 1558 1027 1622 nempe
1055 1540 1133 1625 quia

117 1623 255 1690 liberam
277 1644 390 1689 vocem
413 1623 594 1688 innocentis
617 1622 726 1688 audire
745 1625 863 1699 metuis
887 1644 924 1690 ac
946 1647 987 1690 ne
1006 1626 1132 1692 vultum

65 1723 99 1772 10
118 1712 247 1795 quidem
261 1712 391 1796 pateris.
419 1710 522 1795 Atqui
535 1710 619 1775 nihil
633 1732 707 1776 eum
725 1710 841 1777 fecisse
856 1713 1022 1780 contendo.
1050 1712 1134 1781 Sunt

117 1799 184 1883 hic,
203 1799 258 1884 qui
277 1821 404 1864 mecum
422 1821 491 1865 rem
509 1799 759 1883 pulcherrimam
779 1801 1017 1886 cogitaverunt:
1036 1824 1132 1870 nemo

119 1891 181 1972 est,
200 1888 255 1972 qui
274 1888 438 1953 conscium
455 1887 557 1952 fuisse
574 1887 670 1953 nobis
689 1885 914 1954 Callisthenen
936 1889 1036 1975 dicat,
1060 1912 1132 1957 cum

118 1976 219 2042 morti
238 1975 317 2040 olim
335 1975 516 2041 destinatus
536 1974 579 2040 sit
599 1997 619 2038 a
636 1975 817 2041 iustissimo
836 1981 869 2042 et
890 1978 1131 2061 patientissimo

65 2075 96 2122 11
118 2084 206 2149 rege.
248 2062 339 2128 Haec
367 2083 444 2149 ergo
473 2066 550 2128 sunt
571 2061 783 2130 Macedonum
805 2065 964 2149 praemia,
994 2088 1131 2152 quorum

118 2154 156 2216 ut
179 2171 377 2234 supervacuo
404 2154 439 2216 et
461 2150 588 2216 sordido
612 2150 756 2218 abuteris
781 2154 954 2237 sanguine!
1000 2154 1048 2220 At
1071 2156 1132 2222 tibi

118 2238 209 2304 milia
232 2239 395 2305 mulorum
417 2238 582 2323 captivum
605 2261 721 2304 aurum
748 2239 883 2325 vehunt,
910 2263 984 2308 cum
1011 2244 1132 2310 milites

117 2325 201 2392 nihil
224 2325 355 2392 domum
378 2330 508 2411 praeter
530 2327 689 2411 gratuitas
711 2327 876 2395 cicatrices
898 2330 1034 2398 relaturi
1058 2333 1131 2398 sint

119 2415 208 2492 Quae
234 2417 346 2480 tamen
369 2415 478 2480 omnia
499 2414 640 2480 tolerare
666 2416 845 2501 potuimus,
874 2423 1051 2503 antequam
1072 2440 1130 2486 nos

118 2503 268 2569 barbaris
300 2501 432 2569 dederes
464 2505 497 2567 et
524 2524 609 2570 novo
641 2525 730 2568 more
756 2504 897 2571 victores
926 2507 987 2573 sub
1019 2509 1128 2595 iugum

67 2602 99 2651 ra
117 2593 275 2657 mitteres.
322 2590 493 2657 Persarum
523 2595 558 2657 te
585 2592 686 2659 vestis
718 2594 751 2657 et
782 2591 954 2676 disciplina
982 2594 1130 2680 delectat,

118 2681 242 2762 patrios
265 2700 372 2745 mores
396 2701 514 2746 exosus
537 2701 580 2745 es.
624 2679 796 2746 Persarum
820 2701 911 2766 ergo,
938 2703 1005 2749 uon
1026 2683 1128 2751 Mace·

118 2768 238 2833 donum
257 2788 366 2853 regem
385 2768 529 2834 occidere
547 2769 708 2834 voluimus
727 2771 761 2835 et
777 2772 810 2833 te
829 2769 1034 2861 transfugam
1053 2771 1127 2839 belli

67 2866 100 2914 13
119 2855 187 2920 iure
210 2855 442 2940 persequimur.
486 2855 535 2920 Tu
558 2853 752 2923 Macedonas
779 2857 914 2923 voluisti
941 2879 1049 2944 genua
1070 2857 1127 2927 tibi

118 2962 238 3026 ponere
260 2945 470 3028 venerarique
491 2947 526 3008 te
546 2946 584 3008 ut
605 2943 714 3009 deum:
737 2948 775 3009 tu
792 2943 982 3031 Philippum
1005 2952 1128 3032 patrem

120 3030 279 3095 aversaris
311 3035 357 3114 et,
388 3033 416 3097 si
443 3032 516 3116 quis
545 3029 677 3096 deorum
705 3036 780 3098 ante
806 3032 917 3100 Iovem
948 3034 1130 3119 haberetur,

66 3129 100 3178 14
119 3114 285 3183 fastidires
316 3120 415 3185 etiarn
440 3118 566 3185 lovem.
619 3117 765 3204 Miraris,
798 3121 826 3186 si
857 3122 953 3188 liberi
984 3122 1130 3193 homines

120 3203 305 3289 superbiam
323 3211 415 3273 tuam
436 3207 522 3274 ferra
542 3226 608 3272 non
631 3208 825 3290 possumus?
863 3209 947 3287 Quid
965 3232 1131 3297 speramus

120 3314 159 3359 ex
181 3295 228 3375 te,
252 3293 369 3376 quibus
388 3299 446 3362 aut
462 3294 646 3361 insontibus
663 3296 864 3364 moriendum
887 3302 938 3365 est
956 3305 1027 3386 aut,
1050 3299 1131 3388 quod

67 3394 101 3443 15
120 3379 248 3447 tristius
266 3385 372 3448 morte
390 3387 449 3468 est,
466 3383 501 3449 in
520 3380 676 3449 servitute
694 3383 889 3452 vivendum?
927 3385 977 3454 Tu
995 3390 1133 3474 quidem,

35 3490 44 3503 “
109 3469 146 3533 si
164 3468 334 3537 emendari
355 3473 466 3558 potes,
488 3469 628 3537 multum
651 3471 732 3537 mihi
756 3471 862 3539 debes.
902 3473 954 3540 Ex
976 3498 1030 3543 me
1049 3478 1133 3545 enim

93 3555 188 3624 scr're
205 3560 366 3651 coepisti,
389 3558 472 3651 quid
489 3558 629 3647 ingenui
642 3558 795 3626 homines
809 3559 897 3625 terre
911 3582 983 3626 non
998 3566 1134 3645 possint
