<?xml version="1.0" encoding="UTF-8"?>
<!DOCTYPE html PUBLIC "-//W3C//DTD XHTML 1.0 Transitional//EN"
    "http://www.w3.org/TR/xhtml1/DTD/xhtml1-transitional.dtd">
<html xmlns="http://www.w3.org/1999/xhtml" xml:lang="en" lang="en">
 <head>
  <title>
</title>
<meta http-equiv="Content-Type" content="text/html;charset=utf-8" />
  <meta name='ocr-system' content='tesseract 3.04.00' />
  <meta name='ocr-capabilities' content='ocr_page ocr_carea ocr_par ocr_line ocrx_word'/>
</head>
<body>
  <div class='ocr_page' id='page_1' title='image "./incertiauctoris00heydgoog_0110.png"; bbox 0 0 2356 3846; ppageno 0'>
   <div class='ocr_carea' id='block_1_1' title="bbox 131 157 768 224">
    <p class='ocr_par' dir='ltr' id='par_1_1' title="bbox 131 157 768 224">
     <span class='ocr_line' id='line_1_1' title="bbox 131 157 768 224; baseline -0.003 -11"><span class='ocrx_word' id='word_1_1' title='bbox 131 159 172 223; x_wconf 75' lang='lat'><strong>78</strong></span> <span class='ocrx_word' id='word_1_2' title='bbox 503 157 534 224; x_wconf 81' lang='lat' dir='ltr'><strong>Q.</strong></span> <span class='ocrx_word' id='word_1_3' title='bbox 554 158 663 213; x_wconf 82' lang='lat' dir='ltr'>OURTI</span> <span class='ocrx_word' id='word_1_4' title='bbox 680 158 768 212; x_wconf 78' lang='lat' dir='ltr'>RUFI</span> 
     </span>
    </p>
   </div>
   <div class='ocr_carea' id='block_1_2' title="bbox 77 301 1178 3624">
    <p class='ocr_par' dir='ltr' id='par_1_2' title="bbox 78 301 1140 562">
     <span class='ocr_line' id='line_1_2' title="bbox 78 301 1140 387; baseline -0.006 -14"><span class='ocrx_word' id='word_1_5' title='bbox 78 325 112 374; x_wconf 80' lang='grc'><strong>11</strong></span> <span class='ocrx_word' id='word_1_6' title='bbox 129 303 360 387; x_wconf 76' lang='lat' dir='ltr'><strong>vestigantium</strong></span> <span class='ocrx_word' id='word_1_7' title='bbox 393 303 480 367; x_wconf 89' lang='lat' dir='ltr'><strong>sitim</strong></span> <span class='ocrx_word' id='word_1_8' title='bbox 511 302 646 366; x_wconf 84' lang='lat' dir='ltr'><strong>falleret</strong></span> <span class='ocrx_word' id='word_1_9' title='bbox 690 301 719 366; x_wconf 83' lang='lat' dir='ltr'><strong>E</strong></span> <span class='ocrx_word' id='word_1_10' title='bbox 747 301 901 385; x_wconf 84' lang='lat' dir='ltr'>proximis</span> <span class='ocrx_word' id='word_1_11' title='bbox 928 322 1005 367; x_wconf 89' lang='lat' dir='ltr'><strong>vero</strong></span> <span class='ocrx_word' id='word_1_12' title='bbox 1032 302 1140 367; x_wconf 89' lang='lat' dir='ltr'><strong>itineri</strong></span> 
     </span>
     <span class='ocr_line' id='line_1_3' title="bbox 129 389 1139 474; baseline -0.001 -19"><span class='ocrx_word' id='word_1_13' title='bbox 129 391 208 455; x_wconf 89' lang='lat' dir='ltr'><strong>vicis</strong></span> <span class='ocrx_word' id='word_1_14' title='bbox 231 391 371 455; x_wconf 90' lang='lat' dir='ltr'><strong>ululatus</strong></span> <span class='ocrx_word' id='word_1_15' title='bbox 395 413 508 455; x_wconf 92' lang='lat' dir='ltr'><strong>senum</strong></span> <span class='ocrx_word' id='word_1_16' title='bbox 525 391 780 474; x_wconf 82' lang='lat' dir='ltr'><strong>feminarumque</strong></span> <span class='ocrx_word' id='word_1_17' title='bbox 799 389 1051 454; x_wconf 77' lang='lat' dir='ltr'><strong>exaudiebantur</strong></span> <span class='ocrx_word' id='word_1_18' title='bbox 1068 391 1139 454; x_wconf 87' lang='lat' dir='ltr'><strong>bar·</strong></span> 
     </span>
     <span class='ocr_line' id='line_1_4' title="bbox 129 477 957 562; baseline -0.002 -18"><span class='ocrx_word' id='word_1_19' title='bbox 129 480 208 544; x_wconf 87' lang='lat' dir='ltr'><strong>baro</strong></span> <span class='ocrx_word' id='word_1_20' title='bbox 231 479 295 542; x_wconf 89' lang='lat' dir='ltr'><strong>ritu</strong></span> <span class='ocrx_word' id='word_1_21' title='bbox 318 477 460 543; x_wconf 85' lang='lat' dir='ltr'><strong>Dareum</strong></span> <span class='ocrx_word' id='word_1_22' title='bbox 484 479 587 543; x_wconf 88' lang='lat' dir='ltr'><strong>adhuc</strong></span> <span class='ocrx_word' id='word_1_23' title='bbox 609 499 719 562; x_wconf 89' lang='lat' dir='ltr'><strong>regem</strong></span> <span class='ocrx_word' id='word_1_24' title='bbox 742 479 957 543; x_wconf 82' lang='lat' dir='ltr'><strong>clamantium</strong></span> 
     </span>
    </p>

    <p class='ocr_par' dir='ltr' id='par_1_3' title="bbox 78 565 1178 1003">
     <span class='ocr_line' id='line_1_5' title="bbox 78 565 1178 650; baseline 0.002 -20"><span class='ocrx_word' id='word_1_25' title='bbox 78 589 111 638; x_wconf 82' lang='lat'><strong>16</strong></span> <span class='ocrx_word' id='word_1_26' title='bbox 218 566 414 644; x_wconf 82' lang='lat' dir='ltr'><strong>Alexander,</strong></span> <span class='ocrx_word' id='word_1_27' title='bbox 436 570 473 630; x_wconf 91' lang='lat' dir='ltr'><strong>ut</strong></span> <span class='ocrx_word' id='word_1_28' title='bbox 496 588 592 649; x_wconf 89' lang='lat' dir='ltr'><strong>supra</strong></span> <span class='ocrx_word' id='word_1_29' title='bbox 615 567 734 631; x_wconf 90' lang='lat' dir='ltr'><strong>dictum</strong></span> <span class='ocrx_word' id='word_1_30' title='bbox 757 570 819 650; x_wconf 90' lang='lat' dir='ltr'><strong>est,</strong></span> <span class='ocrx_word' id='word_1_31' title='bbox 845 565 985 631; x_wconf 89' lang='lat' dir='ltr'><strong>inhibito</strong></span> <span class='ocrx_word' id='word_1_32' title='bbox 1007 567 1178 632; x_wconf 84' lang='grc'><strong>1111111116</strong></span> 
     </span>
     <span class='ocr_line' id='line_1_6' title="bbox 129 654 1140 739; baseline 0.002 -22"><span class='ocrx_word' id='word_1_33' title='bbox 129 655 252 738; x_wconf 91' lang='lat' dir='ltr'><strong>impetu</strong></span> <span class='ocrx_word' id='word_1_34' title='bbox 275 655 316 718; x_wconf 92' lang='lat' dir='ltr'><strong>ad</strong></span> <span class='ocrx_word' id='word_1_35' title='bbox 339 654 460 738; x_wconf 86' lang='lat' dir='ltr'><strong>Lycum</strong></span> <span class='ocrx_word' id='word_1_36' title='bbox 482 676 610 718; x_wconf 89' lang='lat' dir='ltr'><strong>amnem</strong></span> <span class='ocrx_word' id='word_1_37' title='bbox 629 658 827 739; x_wconf 87' lang='lat' dir='ltr'><strong>pervenerat,</strong></span> <span class='ocrx_word' id='word_1_38' title='bbox 849 654 905 717; x_wconf 91' lang='lat' dir='ltr'><strong>ubi</strong></span> <span class='ocrx_word' id='word_1_39' title='bbox 921 655 1041 738; x_wconf 86' lang='lat' dir='ltr'><strong>ingens</strong></span> <span class='ocrx_word' id='word_1_40' title='bbox 1060 655 1140 719; x_wconf 90' lang='lat' dir='ltr'><strong>mul·</strong></span> 
     </span>
     <span class='ocr_line' id='line_1_7' title="bbox 129 742 1141 826; baseline 0.002 -21"><span class='ocrx_word' id='word_1_41' title='bbox 129 743 234 807; x_wconf 91' lang='lat' dir='ltr'><strong>titudo</strong></span> <span class='ocrx_word' id='word_1_42' title='bbox 257 742 450 826; x_wconf 82' lang='lat' dir='ltr'><strong>fugientium</strong></span> <span class='ocrx_word' id='word_1_43' title='bbox 473 745 664 807; x_wconf 89' lang='lat' dir='ltr'><strong>oneraverat</strong></span> <span class='ocrx_word' id='word_1_44' title='bbox 685 746 817 825; x_wconf 91' lang='lat' dir='ltr'><strong>pontem</strong></span> <span class='ocrx_word' id='word_1_45' title='bbox 841 745 873 805; x_wconf 91' lang='grc'><strong>11</strong></span> <span class='ocrx_word' id='word_1_46' title='bbox 890 742 1045 826; x_wconf 86' lang='lat' dir='ltr'><strong>plerique,</strong></span> <span class='ocrx_word' id='word_1_47' title='bbox 1067 763 1141 807; x_wconf 88' lang='lat' dir='ltr'><strong>eum</strong></span> 
     </span>
     <span class='ocr_line' id='line_1_8' title="bbox 129 830 1141 915; baseline 0 -21"><span class='ocrx_word' id='word_1_48' title='bbox 129 831 232 895; x_wconf 89' lang='lat' dir='ltr'><strong>hostis</strong></span> <span class='ocrx_word' id='word_1_49' title='bbox 255 833 393 915; x_wconf 84' lang='lat' dir='ltr'><strong>urgeret,</strong></span> <span class='ocrx_word' id='word_1_50' title='bbox 415 831 450 894; x_wconf 87' lang='lat' dir='ltr'><strong>iri</strong></span> <span class='ocrx_word' id='word_1_51' title='bbox 467 831 586 894; x_wconf 88' lang='lat' dir='ltr'><strong>flumen</strong></span> <span class='ocrx_word' id='word_1_52' title='bbox 605 851 638 894; x_wconf 95' lang='grc'><strong>11</strong></span> <span class='ocrx_word' id='word_1_53' title='bbox 656 830 944 913; x_wconf 83' lang='lat' dir='ltr'><strong>praecipitaverant</strong></span> <span class='ocrx_word' id='word_1_54' title='bbox 961 848 1141 914; x_wconf 86' lang='lat' dir='ltr'><strong>gravesque</strong></span> 
     </span>
     <span class='ocr_line' id='line_1_9' title="bbox 131 916 1140 1003; baseline 0 -21"><span class='ocrx_word' id='word_1_55' title='bbox 131 919 228 982; x_wconf 88' lang='lat' dir='ltr'><strong>armis</strong></span> <span class='ocrx_word' id='word_1_56' title='bbox 256 922 288 982; x_wconf 97' lang='grc'><strong>11</strong></span> <span class='ocrx_word' id='word_1_57' title='bbox 312 919 434 1002; x_wconf 91' lang='lat' dir='ltr'><strong>proelio</strong></span> <span class='ocrx_word' id='word_1_58' title='bbox 458 940 495 983; x_wconf 97' lang='grc'><strong>11</strong></span> <span class='ocrx_word' id='word_1_59' title='bbox 517 919 595 1003; x_wconf 88' lang='lat' dir='ltr'><strong>fuga</strong></span> <span class='ocrx_word' id='word_1_60' title='bbox 617 917 785 1002; x_wconf 87' lang='lat' dir='ltr'><strong>defatigati</strong></span> <span class='ocrx_word' id='word_1_61' title='bbox 807 918 990 1002; x_wconf 82' lang='lat' dir='ltr'><strong>gurgitibus</strong></span> <span class='ocrx_word' id='word_1_62' title='bbox 1012 916 1140 982; x_wconf 79' lang='lat' dir='ltr'><strong>haurie</strong></span> 
     </span>
    </p>

    <p class='ocr_par' dir='ltr' id='par_1_4' title="bbox 79 1005 1142 1353">
     <span class='ocr_line' id='line_1_10' title="bbox 79 1005 1142 1091; baseline -0.003 -18"><span class='ocrx_word' id='word_1_63' title='bbox 79 1025 111 1075; x_wconf 75' lang='lat'><strong>1⁷</strong></span> <span class='ocrx_word' id='word_1_64' title='bbox 131 1007 257 1071; x_wconf 86' lang='lat' dir='ltr'><strong>bantur.</strong></span> <span class='ocrx_word' id='word_1_65' title='bbox 307 1005 440 1091; x_wconf 89' lang='lat' dir='ltr'><strong>Iamque</strong></span> <span class='ocrx_word' id='word_1_66' title='bbox 470 1027 538 1070; x_wconf 90' lang='lat' dir='ltr'><strong>non</strong></span> <span class='ocrx_word' id='word_1_67' title='bbox 568 1026 650 1089; x_wconf 90' lang='lat' dir='ltr'><strong>pons</strong></span> <span class='ocrx_word' id='word_1_68' title='bbox 681 1006 777 1069; x_wconf 94' lang='lat' dir='ltr'><strong>modo</strong></span> <span class='ocrx_word' id='word_1_69' title='bbox 808 1006 983 1090; x_wconf 85' lang='lat' dir='ltr'><strong>fugientes,</strong></span> <span class='ocrx_word' id='word_1_70' title='bbox 1015 1005 1073 1070; x_wconf 87' lang='lat' dir='ltr'><strong>sed</strong></span> <span class='ocrx_word' id='word_1_71' title='bbox 1101 1027 1142 1070; x_wconf 89' lang='lat' dir='ltr'><strong>ne</strong></span> 
     </span>
     <span class='ocr_line' id='line_1_11' title="bbox 132 1093 1141 1178; baseline -0.001 -21"><span class='ocrx_word' id='word_1_72' title='bbox 132 1095 235 1158; x_wconf 89' lang='lat' dir='ltr'><strong>amnis</strong></span> <span class='ocrx_word' id='word_1_73' title='bbox 259 1093 386 1176; x_wconf 90' lang='lat' dir='ltr'><strong>quidem</strong></span> <span class='ocrx_word' id='word_1_74' title='bbox 409 1094 558 1177; x_wconf 88' lang='lat' dir='ltr'><strong>capiebat</strong></span> <span class='ocrx_word' id='word_1_75' title='bbox 579 1094 710 1178; x_wconf 85' lang='lat' dir='ltr'><strong>agmina</strong></span> <span class='ocrx_word' id='word_1_76' title='bbox 734 1114 792 1158; x_wconf 90' lang='lat' dir='ltr'><strong>sua</strong></span> <span class='ocrx_word' id='word_1_77' title='bbox 814 1093 980 1176; x_wconf 88' lang='lat' dir='ltr'><strong>inprovide</strong></span> <span class='ocrx_word' id='word_1_78' title='bbox 1004 1093 1141 1158; x_wconf 84' lang='lat' dir='ltr'><strong>subinde</strong></span> 
     </span>
     <span class='ocr_line' id='line_1_12' title="bbox 131 1179 1142 1265; baseline 0 -20"><span class='ocrx_word' id='word_1_79' title='bbox 131 1182 337 1245; x_wconf 87' lang='lat' dir='ltr'><strong>cumulantis:</strong></span> <span class='ocrx_word' id='word_1_80' title='bbox 361 1182 479 1265; x_wconf 89' lang='lat' dir='ltr'><strong>quippe</strong></span> <span class='ocrx_word' id='word_1_81' title='bbox 496 1182 553 1245; x_wconf 93' lang='lat' dir='ltr'><strong>ubi</strong></span> <span class='ocrx_word' id='word_1_82' title='bbox 570 1183 704 1246; x_wconf 86' lang='lat' dir='ltr'><strong>intravit</strong></span> <span class='ocrx_word' id='word_1_83' title='bbox 721 1181 846 1245; x_wconf 90' lang='lat' dir='ltr'><strong>animos</strong></span> <span class='ocrx_word' id='word_1_84' title='bbox 861 1201 970 1264; x_wconf 90' lang='lat' dir='ltr'><strong>pavor,</strong></span> <span class='ocrx_word' id='word_1_85' title='bbox 987 1179 1023 1244; x_wconf 87' lang='lat' dir='ltr'><strong>id</strong></span> <span class='ocrx_word' id='word_1_86' title='bbox 1036 1181 1142 1245; x_wconf 89' lang='lat' dir='ltr'><strong>solum</strong></span> 
     </span>
     <span class='ocr_line' id='line_1_13' title="bbox 130 1268 1141 1353; baseline 0 -20"><span class='ocrx_word' id='word_1_87' title='bbox 130 1273 291 1347; x_wconf 86' lang='lat' dir='ltr'><strong>metuunt,</strong></span> <span class='ocrx_word' id='word_1_88' title='bbox 323 1270 408 1353; x_wconf 91' lang='lat' dir='ltr'><strong>quod</strong></span> <span class='ocrx_word' id='word_1_89' title='bbox 439 1270 579 1351; x_wconf 87' lang='lat' dir='ltr'><strong>primum</strong></span> <span class='ocrx_word' id='word_1_90' title='bbox 609 1268 781 1334; x_wconf 87' lang='lat' dir='ltr'><strong>formidare</strong></span> <span class='ocrx_word' id='word_1_91' title='bbox 810 1270 993 1351; x_wconf 89' lang='lat' dir='ltr'><strong>coeperunt.</strong></span> <span class='ocrx_word' id='word_1_92' title='bbox 1044 1269 1141 1333; x_wconf 84' lang='lat' dir='ltr'><strong>Alex·</strong></span> 
     </span>
    </p>

    <p class='ocr_par' dir='ltr' id='par_1_5' title="bbox 79 1356 1142 1616">
     <span class='ocr_line' id='line_1_14' title="bbox 79 1356 1141 1440; baseline 0.001 -20"><span class='ocrx_word' id='word_1_93' title='bbox 79 1377 111 1426; x_wconf 82' lang='lat'><strong>18</strong></span> <span class='ocrx_word' id='word_1_94' title='bbox 131 1356 229 1420; x_wconf 88' lang='lat' dir='ltr'><strong>ander</strong></span> <span class='ocrx_word' id='word_1_95' title='bbox 255 1357 452 1421; x_wconf 88' lang='lat' dir='ltr'><strong>instantibus</strong></span> <span class='ocrx_word' id='word_1_96' title='bbox 481 1357 560 1440; x_wconf 87' lang='lat' dir='ltr'><strong>suis,</strong></span> <span class='ocrx_word' id='word_1_97' title='bbox 590 1357 709 1440; x_wconf 91' lang='lat' dir='ltr'><strong>inpune</strong></span> <span class='ocrx_word' id='word_1_98' title='bbox 732 1358 904 1421; x_wconf 90' lang='lat' dir='ltr'><strong>abeuntem</strong></span> <span class='ocrx_word' id='word_1_99' title='bbox 920 1356 1047 1420; x_wconf 90' lang='lat' dir='ltr'><strong>hostem</strong></span> <span class='ocrx_word' id='word_1_100' title='bbox 1069 1377 1141 1440; x_wconf 89' lang='lat' dir='ltr'><strong>pcr-</strong></span> 
     </span>
     <span class='ocr_line' id='line_1_15' title="bbox 131 1443 1141 1528; baseline 0.001 -21"><span class='ocrx_word' id='word_1_101' title='bbox 131 1444 273 1507; x_wconf 92' lang='lat' dir='ltr'><strong>mitteret</strong></span> <span class='ocrx_word' id='word_1_102' title='bbox 302 1448 407 1528; x_wconf 86' lang='lat' dir='ltr'><strong>sequi,</strong></span> <span class='ocrx_word' id='word_1_103' title='bbox 437 1444 565 1508; x_wconf 88' lang='lat' dir='ltr'><strong>hebetia</strong></span> <span class='ocrx_word' id='word_1_104' title='bbox 592 1466 662 1508; x_wconf 85' lang='lat' dir='ltr'><strong>esse</strong></span> <span class='ocrx_word' id='word_1_105' title='bbox 687 1446 753 1508; x_wconf 92' lang='lat' dir='ltr'><strong>tela</strong></span> <span class='ocrx_word' id='word_1_106' title='bbox 779 1448 812 1507; x_wconf 89' lang='lat' dir='ltr'><strong>et</strong></span> <span class='ocrx_word' id='word_1_107' title='bbox 838 1465 953 1508; x_wconf 89' lang='lat' dir='ltr'><strong>manus</strong></span> <span class='ocrx_word' id='word_1_108' title='bbox 984 1443 1141 1528; x_wconf 84' lang='lat' dir='ltr'><strong>fatigatas</strong></span> 
     </span>
     <span class='ocr_line' id='line_1_16' title="bbox 129 1531 1142 1616; baseline 0.002 -22"><span class='ocrx_word' id='word_1_109' title='bbox 129 1535 286 1615; x_wconf 88' lang='lat' dir='ltr'><strong>tantoque</strong></span> <span class='ocrx_word' id='word_1_110' title='bbox 304 1553 398 1596; x_wconf 88' lang='lat' dir='ltr'><strong>cursu</strong></span> <span class='ocrx_word' id='word_1_111' title='bbox 417 1554 551 1616; x_wconf 88' lang='lat' dir='ltr'><strong>corpora</strong></span> <span class='ocrx_word' id='word_1_112' title='bbox 569 1533 725 1597; x_wconf 84' lang='lat' dir='ltr'><strong>exhausta</strong></span> <span class='ocrx_word' id='word_1_113' title='bbox 742 1536 775 1595; x_wconf 90' lang='lat' dir='ltr'><strong>et</strong></span> <span class='ocrx_word' id='word_1_114' title='bbox 792 1553 943 1615; x_wconf 89' lang='lat' dir='ltr'><strong>praeceps</strong></span> <span class='ocrx_word' id='word_1_115' title='bbox 960 1531 995 1594; x_wconf 95' lang='lat' dir='ltr'><strong>in</strong></span> <span class='ocrx_word' id='word_1_116' title='bbox 1009 1535 1142 1596; x_wconf 89' lang='lat' dir='ltr'><strong>noctem</strong></span> 
     </span>
    </p>

    <p class='ocr_par' dir='ltr' id='par_1_6' title="bbox 79 1618 1142 1967">
     <span class='ocr_line' id='line_1_17' title="bbox 79 1618 1142 1704; baseline -0.002 -17"><span class='ocrx_word' id='word_1_117' title='bbox 79 1638 111 1687; x_wconf 84' lang='lat'><strong>19</strong></span> <span class='ocrx_word' id='word_1_118' title='bbox 130 1618 193 1682; x_wconf 89' lang='lat' dir='ltr'><strong>diei</strong></span> <span class='ocrx_word' id='word_1_119' title='bbox 207 1623 333 1703; x_wconf 89' lang='lat' dir='ltr'><strong>tempus</strong></span> <span class='ocrx_word' id='word_1_120' title='bbox 352 1623 501 1685; x_wconf 85' lang='lat' dir='ltr'><strong>causatus</strong></span> <span class='ocrx_word' id='word_1_121' title='bbox 520 1626 577 1685; x_wconf 90' lang='grc'><strong>111.</strong></span> <span class='ocrx_word' id='word_1_122' title='bbox 608 1619 744 1684; x_wconf 86' lang='lat' dir='ltr'><strong>Revera</strong></span> <span class='ocrx_word' id='word_1_123' title='bbox 763 1620 802 1683; x_wconf 92' lang='lat' dir='ltr'><strong>de</strong></span> <span class='ocrx_word' id='word_1_124' title='bbox 819 1620 1034 1702; x_wconf 84' lang='lat' dir='ltr'><strong>laevocornu,</strong></span> <span class='ocrx_word' id='word_1_125' title='bbox 1053 1619 1142 1704; x_wconf 90' lang='lat' dir='ltr'><strong>quod</strong></span> 
     </span>
     <span class='ocr_line' id='line_1_18' title="bbox 130 1707 1141 1790; baseline 0.001 -20"><span class='ocrx_word' id='word_1_126' title='bbox 130 1707 234 1772; x_wconf 90' lang='lat' dir='ltr'><strong>adhuc</strong></span> <span class='ocrx_word' id='word_1_127' title='bbox 260 1709 295 1771; x_wconf 93' lang='lat' dir='ltr'><strong>in</strong></span> <span class='ocrx_word' id='word_1_128' title='bbox 322 1709 389 1772; x_wconf 86' lang='lat' dir='ltr'><strong>acie</strong></span> <span class='ocrx_word' id='word_1_129' title='bbox 415 1712 500 1773; x_wconf 89' lang='lat' dir='ltr'><strong>stare</strong></span> <span class='ocrx_word' id='word_1_130' title='bbox 523 1708 685 1790; x_wconf 91' lang='lat' dir='ltr'><strong>credebat,</strong></span> <span class='ocrx_word' id='word_1_131' title='bbox 712 1708 869 1772; x_wconf 90' lang='lat' dir='ltr'><strong>sollicitus</strong></span> <span class='ocrx_word' id='word_1_132' title='bbox 891 1708 1008 1772; x_wconf 85' lang='lat' dir='ltr'><strong>reverti</strong></span> <span class='ocrx_word' id='word_1_133' title='bbox 1030 1707 1073 1771; x_wconf 88' lang='lat' dir='ltr'><strong>ad</strong></span> <span class='ocrx_word' id='word_1_134' title='bbox 1096 1708 1141 1772; x_wconf 85' lang='lat' dir='ltr'><strong>fe-</strong></span> 
     </span>
     <span class='ocr_line' id='line_1_19' title="bbox 130 1794 1141 1880; baseline 0.001 -22"><span class='ocrx_word' id='word_1_135' title='bbox 130 1794 262 1858; x_wconf 89' lang='lat' dir='ltr'><strong>rendam</strong></span> <span class='ocrx_word' id='word_1_136' title='bbox 285 1817 378 1880; x_wconf 90' lang='lat' dir='ltr'><strong>opem</strong></span> <span class='ocrx_word' id='word_1_137' title='bbox 402 1797 467 1861; x_wconf 90' lang='lat' dir='ltr'><strong>suis</strong></span> <span class='ocrx_word' id='word_1_138' title='bbox 492 1797 614 1860; x_wconf 87' lang='lat' dir='ltr'><strong>statuit.</strong></span> <span class='ocrx_word' id='word_1_139' title='bbox 657 1795 789 1879; x_wconf 89' lang='lat' dir='ltr'><strong>Iamque</strong></span> <span class='ocrx_word' id='word_1_140' title='bbox 812 1796 906 1880; x_wconf 85' lang='lat' dir='ltr'><strong>signa</strong></span> <span class='ocrx_word' id='word_1_141' title='bbox 928 1798 1141 1880; x_wconf 79' lang='lat' dir='ltr'><strong>converterat,</strong></span> 
     </span>
     <span class='ocr_line' id='line_1_20' title="bbox 130 1881 1141 1967; baseline 0.002 -21"><span class='ocrx_word' id='word_1_142' title='bbox 130 1903 203 1946; x_wconf 93' lang='lat' dir='ltr'><strong>cum</strong></span> <span class='ocrx_word' id='word_1_143' title='bbox 230 1884 352 1966; x_wconf 89' lang='lat' dir='ltr'><strong>equites</strong></span> <span class='ocrx_word' id='word_1_144' title='bbox 380 1906 399 1947; x_wconf 91' lang='lat' dir='ltr'><strong>a</strong></span> <span class='ocrx_word' id='word_1_145' title='bbox 426 1881 638 1948; x_wconf 88' lang='lat' dir='ltr'><strong>Parmenione</strong></span> <span class='ocrx_word' id='word_1_146' title='bbox 664 1884 755 1947; x_wconf 89' lang='lat' dir='ltr'><strong>missi</strong></span> <span class='ocrx_word' id='word_1_147' title='bbox 776 1883 863 1948; x_wconf 89' lang='lat' dir='ltr'><strong>illius</strong></span> <span class='ocrx_word' id='word_1_148' title='bbox 887 1904 1014 1967; x_wconf 87' lang='lat' dir='ltr'><strong>quoque</strong></span> <span class='ocrx_word' id='word_1_149' title='bbox 1036 1884 1141 1966; x_wconf 84' lang='lat' dir='ltr'><strong>partis</strong></span> 
     </span>
    </p>

    <p class='ocr_par' dir='ltr' id='par_1_7' title="bbox 77 1970 1142 2319">
     <span class='ocr_line' id='line_1_21' title="bbox 77 1970 1141 2054; baseline -0.004 -16"><span class='ocrx_word' id='word_1_150' title='bbox 77 1989 112 2038; x_wconf 80' lang='lat'><strong>20</strong></span> <span class='ocrx_word' id='word_1_151' title='bbox 130 1970 297 2035; x_wconf 89' lang='lat' dir='ltr'><strong>victoriam</strong></span> <span class='ocrx_word' id='word_1_152' title='bbox 323 1972 485 2036; x_wconf 89' lang='lat' dir='ltr'><strong>nuntiant.</strong></span> <span class='ocrx_word' id='word_1_153' title='bbox 534 1970 597 2035; x_wconf 80' lang='lat' dir='ltr'><strong>Sed</strong></span> <span class='ocrx_word' id='word_1_154' title='bbox 623 1972 748 2035; x_wconf 91' lang='lat' dir='ltr'><strong>nullum</strong></span> <span class='ocrx_word' id='word_1_155' title='bbox 771 1971 834 2035; x_wconf 91' lang='lat' dir='ltr'><strong>hoc</strong></span> <span class='ocrx_word' id='word_1_156' title='bbox 856 1971 907 2034; x_wconf 91' lang='lat' dir='ltr'><strong>die</strong></span> <span class='ocrx_word' id='word_1_157' title='bbox 930 1971 1034 2034; x_wconf 91' lang='lat' dir='ltr'><strong>maius</strong></span> <span class='ocrx_word' id='word_1_158' title='bbox 1058 1972 1141 2054; x_wconf 89' lang='lat' dir='ltr'><strong>peri-</strong></span> 
     </span>
     <span class='ocr_line' id='line_1_22' title="bbox 130 2057 1142 2144; baseline 0.002 -23"><span class='ocrx_word' id='word_1_159' title='bbox 130 2058 238 2122; x_wconf 91' lang='lat' dir='ltr'><strong>culum</strong></span> <span class='ocrx_word' id='word_1_160' title='bbox 255 2059 344 2141; x_wconf 75' lang='lat' dir='ltr'><strong>adiit,</strong></span> <span class='ocrx_word' id='word_1_161' title='bbox 365 2081 462 2144; x_wconf 91' lang='lat' dir='ltr'><strong>quam</strong></span> <span class='ocrx_word' id='word_1_162' title='bbox 480 2059 557 2123; x_wconf 91' lang='lat' dir='ltr'><strong>dum</strong></span> <span class='ocrx_word' id='word_1_163' title='bbox 575 2060 684 2143; x_wconf 88' lang='lat' dir='ltr'><strong>copias</strong></span> <span class='ocrx_word' id='word_1_164' title='bbox 703 2058 852 2122; x_wconf 85' lang='lat' dir='ltr'><strong>reducit</strong></span> <span class='ocrx_word' id='word_1_165' title='bbox 843 2082 877 2124; x_wconf 87' lang='lat' dir='ltr'><strong>rn</strong></span> <span class='ocrx_word' id='word_1_166' title='bbox 893 2060 1007 2122; x_wconf 77' lang='lat' dir='ltr'><strong>castra.</strong></span> <span class='ocrx_word' id='word_1_167' title='bbox 1039 2057 1142 2123; x_wconf 91' lang='lat' dir='ltr'><strong>Pauci</strong></span> 
     </span>
     <span class='ocr_line' id='line_1_23' title="bbox 130 2145 1140 2230; baseline 0.001 -21"><span class='ocrx_word' id='word_1_168' title='bbox 130 2166 204 2209; x_wconf 89' lang='lat' dir='ltr'><strong>eum</strong></span> <span class='ocrx_word' id='word_1_169' title='bbox 222 2150 255 2210; x_wconf 91' lang='grc'><strong>11</strong></span> <span class='ocrx_word' id='word_1_170' title='bbox 269 2147 463 2230; x_wconf 88' lang='lat' dir='ltr'><strong>inconpositi</strong></span> <span class='ocrx_word' id='word_1_171' title='bbox 477 2147 693 2230; x_wconf 90' lang='lat' dir='ltr'><strong>sequebantur</strong></span> <span class='ocrx_word' id='word_1_172' title='bbox 706 2150 839 2211; x_wconf 89' lang='lat' dir='ltr'><strong>ovantes</strong></span> <span class='ocrx_word' id='word_1_173' title='bbox 852 2145 996 2228; x_wconf 86' lang='lat' dir='ltr'><strong>victoria,</strong></span> <span class='ocrx_word' id='word_1_174' title='bbox 1019 2147 1140 2230; x_wconf 89' lang='lat' dir='ltr'><strong>quippe</strong></span> 
     </span>
     <span class='ocr_line' id='line_1_24' title="bbox 131 2233 1140 2319; baseline 0.001 -23"><span class='ocrx_word' id='word_1_175' title='bbox 131 2254 242 2299; x_wconf 90' lang='lat' dir='ltr'><strong>omnes</strong></span> <span class='ocrx_word' id='word_1_176' title='bbox 267 2233 379 2299; x_wconf 89' lang='lat' dir='ltr'><strong>hostes</strong></span> <span class='ocrx_word' id='word_1_177' title='bbox 407 2235 525 2299; x_wconf 89' lang='lat' dir='ltr'><strong>autin</strong></span> <span class='ocrx_word' id='word_1_178' title='bbox 550 2234 662 2319; x_wconf 83' lang='lat' dir='ltr'><strong>fugam</strong></span> <span class='ocrx_word' id='word_1_179' title='bbox 688 2233 806 2298; x_wconf 87' lang='lat' dir='ltr'><strong>effusos</strong></span> <span class='ocrx_word' id='word_1_180' title='bbox 833 2235 945 2314; x_wconf 88' lang='grc'><strong>1111111</strong></span> <span class='ocrx_word' id='word_1_181' title='bbox 969 2233 1037 2297; x_wconf 90' lang='lat' dir='ltr'><strong>acio</strong></span> <span class='ocrx_word' id='word_1_182' title='bbox 1060 2234 1140 2298; x_wconf 90' lang='lat' dir='ltr'><strong>ceci-</strong></span> 
     </span>
    </p>

    <p class='ocr_par' dir='ltr' id='par_1_8' title="bbox 77 2308 1143 2581">
     <span class='ocr_line' id='line_1_25' title="bbox 77 2308 1142 2404; baseline -0.002 -16"><span class='ocrx_word' id='word_1_183' title='bbox 77 2338 110 2388; x_wconf 78' lang='grc'><strong>11</strong></span> <span class='ocrx_word' id='word_1_184' title='bbox 130 2321 216 2386; x_wconf 90' lang='lat' dir='ltr'><strong>disse</strong></span> <span class='ocrx_word' id='word_1_185' title='bbox 252 2322 442 2386; x_wconf 86' lang='lat' dir='ltr'><strong>credebant:</strong></span> <span class='ocrx_word' id='word_1_186' title='bbox 483 2344 556 2387; x_wconf 91' lang='lat' dir='ltr'><strong>cum</strong></span> <span class='ocrx_word' id='word_1_187' title='bbox 589 2325 719 2404; x_wconf 88' lang='lat' dir='ltr'><strong>repente</strong></span> <span class='ocrx_word' id='word_1_188' title='bbox 751 2343 789 2385; x_wconf 87' lang='lat' dir='ltr'><strong>ex</strong></span> <span class='ocrx_word' id='word_1_189' title='bbox 823 2308 955 2386; x_wconf 82' lang='lat' dir='ltr'><strong>adverso</strong></span> <span class='ocrx_word' id='word_1_190' title='bbox 988 2322 1142 2404; x_wconf 90' lang='lat' dir='ltr'><strong>apparuit</strong></span> 
     </span>
     <span class='ocr_line' id='line_1_26' title="bbox 131 2409 1143 2494; baseline 0.001 -22"><span class='ocrx_word' id='word_1_191' title='bbox 131 2429 246 2493; x_wconf 89' lang='lat' dir='ltr'><strong>agmen</strong></span> <span class='ocrx_word' id='word_1_192' title='bbox 274 2411 430 2492; x_wconf 87' lang='lat' dir='ltr'><strong>equitum,</strong></span> <span class='ocrx_word' id='word_1_193' title='bbox 462 2411 518 2494; x_wconf 90' lang='lat' dir='ltr'><strong>qui</strong></span> <span class='ocrx_word' id='word_1_194' title='bbox 538 2410 643 2493; x_wconf 92' lang='lat' dir='ltr'><strong>primo</strong></span> <span class='ocrx_word' id='word_1_195' title='bbox 666 2409 833 2473; x_wconf 92' lang='lat' dir='ltr'><strong>inhibuere</strong></span> <span class='ocrx_word' id='word_1_196' title='bbox 856 2431 998 2493; x_wconf 88' lang='lat' dir='ltr'><strong>cursum,</strong></span> <span class='ocrx_word' id='word_1_197' title='bbox 1027 2409 1143 2473; x_wconf 92' lang='lat' dir='ltr'><strong>deinde</strong></span> 
     </span>
     <span class='ocr_line' id='line_1_27' title="bbox 129 2495 1141 2581; baseline 0.001 -21"><span class='ocrx_word' id='word_1_198' title='bbox 129 2497 340 2562; x_wconf 91' lang='lat' dir='ltr'><strong>Macedonum</strong></span> <span class='ocrx_word' id='word_1_199' title='bbox 363 2498 524 2580; x_wconf 91' lang='lat' dir='ltr'><strong>paucitate</strong></span> <span class='ocrx_word' id='word_1_200' title='bbox 547 2500 720 2581; x_wconf 84' lang='lat' dir='ltr'><strong>conspecta</strong></span> <span class='ocrx_word' id='word_1_201' title='bbox 738 2501 862 2561; x_wconf 90' lang='lat' dir='ltr'><strong>turmas</strong></span> <span class='ocrx_word' id='word_1_202' title='bbox 879 2498 915 2560; x_wconf 94' lang='lat' dir='ltr'><strong>in</strong></span> <span class='ocrx_word' id='word_1_203' title='bbox 933 2495 1046 2562; x_wconf 89' lang='lat' dir='ltr'><strong>obvios</strong></span> <span class='ocrx_word' id='word_1_204' title='bbox 1065 2518 1141 2562; x_wconf 91' lang='lat' dir='ltr'><strong>con·</strong></span> 
     </span>
    </p>

    <p class='ocr_par' dir='ltr' id='par_1_9' title="bbox 77 2584 1142 2758">
     <span class='ocr_line' id='line_1_28' title="bbox 77 2584 1141 2669; baseline -0.004 -17"><span class='ocrx_word' id='word_1_205' title='bbox 77 2602 111 2652; x_wconf 76' lang='lat' dir='ltr'><strong>aa</strong></span> <span class='ocrx_word' id='word_1_206' title='bbox 130 2586 318 2650; x_wconf 90' lang='lat' dir='ltr'><strong>citaverunt.</strong></span> <span class='ocrx_word' id='word_1_207' title='bbox 371 2584 457 2650; x_wconf 89' lang='lat' dir='ltr'><strong>Ante</strong></span> <span class='ocrx_word' id='word_1_208' title='bbox 490 2586 585 2669; x_wconf 87' lang='lat' dir='ltr'><strong>signa</strong></span> <span class='ocrx_word' id='word_1_209' title='bbox 616 2606 671 2649; x_wconf 88' lang='lat' dir='ltr'><strong>rex</strong></span> <span class='ocrx_word' id='word_1_210' title='bbox 702 2585 771 2649; x_wconf 89' lang='lat' dir='ltr'><strong>ibat</strong></span> <span class='ocrx_word' id='word_1_211' title='bbox 802 2585 1003 2649; x_wconf 91' lang='lat' dir='ltr'><strong>dissimulato</strong></span> <span class='ocrx_word' id='word_1_212' title='bbox 1035 2585 1141 2669; x_wconf 85' lang='lat' dir='ltr'><strong>magis</strong></span> 
     </span>
     <span class='ocr_line' id='line_1_29' title="bbox 129 2672 1142 2758; baseline -0.001 -20"><span class='ocrx_word' id='word_1_213' title='bbox 129 2675 272 2756; x_wconf 90' lang='lat' dir='ltr'><strong>periculo</strong></span> <span class='ocrx_word' id='word_1_214' title='bbox 300 2695 396 2758; x_wconf 91' lang='lat' dir='ltr'><strong>quam</strong></span> <span class='ocrx_word' id='word_1_215' title='bbox 423 2677 539 2757; x_wconf 85' lang='lat' dir='ltr'><strong>spreto.</strong></span> <span class='ocrx_word' id='word_1_216' title='bbox 583 2672 653 2738; x_wconf 90' lang='lat' dir='ltr'><strong>Nec</strong></span> <span class='ocrx_word' id='word_1_217' title='bbox 675 2673 776 2737; x_wconf 86' lang='lat' dir='ltr'><strong>defuit</strong></span> <span class='ocrx_word' id='word_1_218' title='bbox 798 2673 827 2736; x_wconf 91' lang='lat' dir='ltr'><strong>ei</strong></span> <span class='ocrx_word' id='word_1_219' title='bbox 849 2676 1004 2756; x_wconf 90' lang='lat' dir='ltr'><strong>perpetua</strong></span> <span class='ocrx_word' id='word_1_220' title='bbox 1025 2673 1062 2736; x_wconf 89' lang='lat' dir='ltr'><strong>in</strong></span> <span class='ocrx_word' id='word_1_221' title='bbox 1085 2674 1142 2737; x_wconf 92' lang='lat' dir='ltr'><strong>du·</strong></span> 
     </span>
    </p>

    <p class='ocr_par' dir='ltr' id='par_1_10' title="bbox 77 2761 1141 3021">
     <span class='ocr_line' id='line_1_30' title="bbox 77 2761 1141 2845; baseline -0.002 -19"><span class='ocrx_word' id='word_1_222' title='bbox 77 2778 110 2827; x_wconf 79' lang='grc'><strong>11</strong></span> <span class='ocrx_word' id='word_1_223' title='bbox 129 2761 192 2825; x_wconf 92' lang='lat' dir='ltr'><strong>biis</strong></span> <span class='ocrx_word' id='word_1_224' title='bbox 215 2761 310 2826; x_wconf 89' lang='lat' dir='ltr'><strong>rebus</strong></span> <span class='ocrx_word' id='word_1_225' title='bbox 332 2762 484 2826; x_wconf 89' lang='lat' dir='ltr'><strong>felicitas:</strong></span> <span class='ocrx_word' id='word_1_226' title='bbox 511 2783 650 2845; x_wconf 90' lang='lat' dir='ltr'><strong>namque</strong></span> <span class='ocrx_word' id='word_1_227' title='bbox 671 2761 869 2844; x_wconf 84' lang='lat' dir='ltr'><strong>praefectum</strong></span> <span class='ocrx_word' id='word_1_228' title='bbox 891 2761 1053 2845; x_wconf 87' lang='lat' dir='ltr'><strong>equitatus</strong></span> <span class='ocrx_word' id='word_1_229' title='bbox 1077 2761 1141 2824; x_wconf 91' lang='lat' dir='ltr'><strong>avi·</strong></span> 
     </span>
     <span class='ocr_line' id='line_1_31' title="bbox 131 2847 1141 2932; baseline 0.001 -21"><span class='ocrx_word' id='word_1_230' title='bbox 131 2847 207 2911; x_wconf 91' lang='lat' dir='ltr'><strong>dum</strong></span> <span class='ocrx_word' id='word_1_231' title='bbox 230 2850 413 2914; x_wconf 89' lang='lat' dir='ltr'><strong>certaminis</strong></span> <span class='ocrx_word' id='word_1_232' title='bbox 436 2853 469 2913; x_wconf 92' lang='lat' dir='ltr'><strong>et</strong></span> <span class='ocrx_word' id='word_1_233' title='bbox 496 2849 537 2914; x_wconf 94' lang='lat' dir='ltr'><strong>ob</strong></span> <span class='ocrx_word' id='word_1_234' title='bbox 564 2850 597 2913; x_wconf 93' lang='lat' dir='ltr'><strong>id</strong></span> <span class='ocrx_word' id='word_1_235' title='bbox 621 2850 729 2932; x_wconf 90' lang='lat' dir='ltr'><strong>ipsum</strong></span> <span class='ocrx_word' id='word_1_236' title='bbox 750 2848 910 2913; x_wconf 89' lang='lat' dir='ltr'><strong>incautius</strong></span> <span class='ocrx_word' id='word_1_237' title='bbox 931 2849 967 2911; x_wconf 93' lang='lat' dir='ltr'><strong>in</strong></span> <span class='ocrx_word' id='word_1_238' title='bbox 990 2869 1024 2912; x_wconf 90' lang='lat' dir='ltr'><strong>se</strong></span> <span class='ocrx_word' id='word_1_239' title='bbox 1046 2868 1141 2912; x_wconf 88' lang='lat' dir='ltr'><strong>ruen-</strong></span> 
     </span>
     <span class='ocr_line' id='line_1_32' title="bbox 129 2935 1141 3021; baseline 0.003 -23"><span class='ocrx_word' id='word_1_240' title='bbox 129 2939 196 2999; x_wconf 89' lang='lat' dir='ltr'><strong>tem</strong></span> <span class='ocrx_word' id='word_1_241' title='bbox 218 2936 314 3001; x_wconf 89' lang='lat' dir='ltr'><strong>hasta</strong></span> <span class='ocrx_word' id='word_1_242' title='bbox 335 2937 505 3020; x_wconf 85' lang='lat' dir='ltr'><strong>transfixit,</strong></span> <span class='ocrx_word' id='word_1_243' title='bbox 527 2957 590 3021; x_wconf 90' lang='lat' dir='ltr'><strong>quo</strong></span> <span class='ocrx_word' id='word_1_244' title='bbox 613 2958 652 3000; x_wconf 86' lang='lat' dir='ltr'><strong>ex</strong></span> <span class='ocrx_word' id='word_1_245' title='bbox 674 2957 756 3019; x_wconf 91' lang='lat' dir='ltr'><strong>equo</strong></span> <span class='ocrx_word' id='word_1_246' title='bbox 778 2937 871 3019; x_wconf 88' lang='lat' dir='ltr'><strong>lapso</strong></span> <span class='ocrx_word' id='word_1_247' title='bbox 897 2935 1080 3020; x_wconf 89' lang='lat' dir='ltr'><strong>proximum</strong></span> <span class='ocrx_word' id='word_1_248' title='bbox 1103 2957 1141 3001; x_wconf 85' lang='lat' dir='ltr'><strong>ac</strong></span> 
     </span>
    </p>

    <p class='ocr_par' dir='ltr' id='par_1_11' title="bbox 78 3022 1142 3284">
     <span class='ocr_line' id='line_1_33' title="bbox 78 3022 1140 3106; baseline -0.002 -15"><span class='ocrx_word' id='word_1_249' title='bbox 78 3023 205 3091; x_wconf 73' lang='lat' dir='ltr'><strong>ardeia</strong></span> <span class='ocrx_word' id='word_1_250' title='bbox 236 3025 343 3106; x_wconf 91' lang='lat' dir='ltr'><strong>plures</strong></span> <span class='ocrx_word' id='word_1_251' title='bbox 376 3023 488 3089; x_wconf 90' lang='lat' dir='ltr'><strong>eodem</strong></span> <span class='ocrx_word' id='word_1_252' title='bbox 516 3024 581 3089; x_wconf 91' lang='grc'><strong>1111</strong></span> <span class='ocrx_word' id='word_1_253' title='bbox 614 3022 765 3088; x_wconf 85' lang='lat' dir='ltr'><strong>confodit</strong></span> <span class='ocrx_word' id='word_1_254' title='bbox 813 3023 963 3088; x_wconf 88' lang='lat' dir='ltr'><strong>Invasere</strong></span> <span class='ocrx_word' id='word_1_255' title='bbox 990 3024 1140 3089; x_wconf 89' lang='lat' dir='ltr'><strong>turbatos</strong></span> 
     </span>
     <span class='ocr_line' id='line_1_34' title="bbox 130 3110 1142 3197; baseline 0.002 -23"><span class='ocrx_word' id='word_1_256' title='bbox 130 3111 226 3174; x_wconf 88' lang='lat' dir='ltr'><strong>amici</strong></span> <span class='ocrx_word' id='word_1_257' title='bbox 248 3132 386 3196; x_wconf 90' lang='lat' dir='ltr'><strong>quoque:</strong></span> <span class='ocrx_word' id='word_1_258' title='bbox 408 3133 467 3177; x_wconf 89' lang='lat' dir='ltr'><strong>nee</strong></span> <span class='ocrx_word' id='word_1_259' title='bbox 490 3110 606 3176; x_wconf 88' lang='lat' dir='ltr'><strong>Persae</strong></span> <span class='ocrx_word' id='word_1_260' title='bbox 629 3111 725 3176; x_wconf 91' lang='lat' dir='ltr'><strong>inulti</strong></span> <span class='ocrx_word' id='word_1_261' title='bbox 747 3111 914 3195; x_wconf 88' lang='lat' dir='ltr'><strong>cadebant,</strong></span> <span class='ocrx_word' id='word_1_262' title='bbox 936 3112 1055 3197; x_wconf 92' lang='lat' dir='ltr'><strong>quippe</strong></span> <span class='ocrx_word' id='word_1_263' title='bbox 1072 3132 1142 3176; x_wconf 93' lang='lat' dir='ltr'><strong>non</strong></span> 
     </span>
     <span class='ocr_line' id='line_1_35' title="bbox 130 3199 1141 3284; baseline 0 -22"><span class='ocrx_word' id='word_1_264' title='bbox 130 3199 298 3263; x_wconf 89' lang='lat' dir='ltr'><strong>universae</strong></span> <span class='ocrx_word' id='word_1_265' title='bbox 321 3200 418 3283; x_wconf 85' lang='lat' dir='ltr'><strong>acies,</strong></span> <span class='ocrx_word' id='word_1_266' title='bbox 441 3221 539 3284; x_wconf 90' lang='lat' dir='ltr'><strong>quam</strong></span> <span class='ocrx_word' id='word_1_267' title='bbox 560 3199 623 3264; x_wconf 89' lang='lat' dir='ltr'><strong>hae</strong></span> <span class='ocrx_word' id='word_1_268' title='bbox 643 3199 872 3264; x_wconf 87' lang='lat' dir='ltr'><strong>tumultuariae</strong></span> <span class='ocrx_word' id='word_1_269' title='bbox 894 3221 1024 3283; x_wconf 88' lang='lat' dir='ltr'><strong>manus,</strong></span> <span class='ocrx_word' id='word_1_270' title='bbox 1046 3199 1141 3264; x_wconf 89' lang='lat' dir='ltr'><strong>vehe-</strong></span> 
     </span>
    </p>

    <p class='ocr_par' dir='ltr' id='par_1_12' title="bbox 77 3287 1141 3550">
     <span class='ocr_line' id='line_1_36' title="bbox 77 3287 1141 3370; baseline -0.005 -13"><span class='ocrx_word' id='word_1_271' title='bbox 77 3306 112 3357; x_wconf 79' lang='lat'><strong>25</strong></span> <span class='ocrx_word' id='word_1_272' title='bbox 130 3287 270 3352; x_wconf 88' lang='lat' dir='ltr'><strong>mentius</strong></span> <span class='ocrx_word' id='word_1_273' title='bbox 296 3287 395 3351; x_wconf 88' lang='lat' dir='ltr'><strong>iniere</strong></span> <span class='ocrx_word' id='word_1_274' title='bbox 423 3291 594 3354; x_wconf 85' lang='lat' dir='ltr'><strong>certamen.</strong></span> <span class='ocrx_word' id='word_1_275' title='bbox 638 3287 781 3359; x_wconf 80' lang='lat' dir='ltr'><strong>Tandem</strong></span> <span class='ocrx_word' id='word_1_276' title='bbox 809 3288 951 3370; x_wconf 87' lang='lat' dir='ltr'><strong>barbari,</strong></span> <span class='ocrx_word' id='word_1_277' title='bbox 982 3309 1055 3351; x_wconf 90' lang='lat' dir='ltr'><strong>cum</strong></span> <span class='ocrx_word' id='word_1_278' title='bbox 1084 3287 1141 3352; x_wconf 91' lang='lat' dir='ltr'><strong>ob-</strong></span> 
     </span>
     <span class='ocr_line' id='line_1_37' title="bbox 131 3375 1141 3462; baseline 0 -22"><span class='ocrx_word' id='word_1_279' title='bbox 131 3397 226 3441; x_wconf 85' lang='lat' dir='ltr'><strong>scura</strong></span> <span class='ocrx_word' id='word_1_280' title='bbox 258 3375 328 3440; x_wconf 90' lang='lat' dir='ltr'><strong>luce</strong></span> <span class='ocrx_word' id='word_1_281' title='bbox 358 3375 461 3440; x_wconf 90' lang='lat' dir='ltr'><strong>tutior</strong></span> <span class='ocrx_word' id='word_1_282' title='bbox 490 3376 569 3462; x_wconf 85' lang='lat' dir='ltr'><strong>fuga</strong></span> <span class='ocrx_word' id='word_1_283' title='bbox 599 3375 761 3441; x_wconf 85' lang='lat' dir='ltr'><strong>videretur</strong></span> <span class='ocrx_word' id='word_1_284' title='bbox 791 3396 861 3440; x_wconf 89' lang='lat' dir='ltr'><strong>esse</strong></span> <span class='ocrx_word' id='word_1_285' title='bbox 893 3396 990 3461; x_wconf 88' lang='lat' dir='ltr'><strong>quam</strong></span> <span class='ocrx_word' id='word_1_286' title='bbox 1020 3395 1141 3460; x_wconf 84' lang='lat' dir='ltr'><strong>pugna,</strong></span> 
     </span>
     <span class='ocr_line' id='line_1_38' title="bbox 124 3463 1140 3550; baseline 0.003 -24"><span class='ocrx_word' id='word_1_287' title='bbox 124 3464 282 3547; x_wconf 81' lang='lat' dir='ltr'><strong>dispersis</strong></span> <span class='ocrx_word' id='word_1_288' title='bbox 300 3464 486 3550; x_wconf 87' lang='lat' dir='ltr'><strong>agminibus</strong></span> <span class='ocrx_word' id='word_1_289' title='bbox 504 3465 620 3530; x_wconf 88' lang='lat' dir='ltr'><strong>abiere</strong></span> <span class='ocrx_word' id='word_1_290' title='bbox 651 3463 719 3528; x_wconf 85' lang='lat' dir='ltr'><strong>Rex</strong></span> <span class='ocrx_word' id='word_1_291' title='bbox 733 3463 984 3529; x_wconf 86' lang='lat' dir='ltr'><strong>extraordinario</strong></span> <span class='ocrx_word' id='word_1_292' title='bbox 997 3464 1140 3548; x_wconf 89' lang='lat' dir='ltr'><strong>periculo</strong></span> 
     </span>
    </p>

    <p class='ocr_par' dir='ltr' id='par_1_13' title="bbox 106 3547 939 3624">
     <span class='ocr_line' id='line_1_39' title="bbox 106 3547 939 3624; baseline 0.005 -14"><span class='ocrx_word' id='word_1_293' title='bbox 106 3547 288 3618; x_wconf 62' lang='lat' dir='ltr'><strong>destructus</strong></span> <span class='ocrx_word' id='word_1_294' title='bbox 307 3553 489 3622; x_wconf 87' lang='lat' dir='ltr'><strong>incolumis</strong></span> <span class='ocrx_word' id='word_1_295' title='bbox 514 3577 592 3624; x_wconf 86' lang='lat' dir='ltr'><strong>suos</strong></span> <span class='ocrx_word' id='word_1_296' title='bbox 614 3551 770 3621; x_wconf 82' lang='lat' dir='ltr'><strong>reduxit</strong></span> <span class='ocrx_word' id='word_1_297' title='bbox 763 3574 801 3617; x_wconf 88' lang='lat' dir='ltr'><strong>m</strong></span> <span class='ocrx_word' id='word_1_298' title='bbox 822 3555 939 3616; x_wconf 72' lang='lat' dir='ltr'><strong>castia</strong></span> 
     </span>
    </p>
   </div>
   <div class='ocr_carea' id='block_1_3' title="bbox 0 0 1182 3846">
    <p class='ocr_par' dir='ltr' id='par_1_14' title="bbox 0 0 1182 3846">
     <span class='ocr_line' id='line_1_40' title="bbox 0 0 1182 3846; baseline 0 0"><span class='ocrx_word' id='word_1_299' title='bbox 0 0 1182 3846; x_wconf 95' lang='lat' dir='ltr'><strong> </strong></span> 
     </span>
    </p>
   </div>
  </div>
 </body>
</html>
