2356 3846
118 137 182 201 142
492 135 524 202 Q.
543 135 654 192 CURTI
671 136 758 193 RUFI

117 286 150 347 et
173 303 233 368 ego
260 282 386 346 viderer
413 280 525 346 multis
549 281 725 345 amicorum
753 280 839 365 regis
867 281 968 347 111111
994 278 1132 364 periculi

117 392 222 437 causa.
274 368 327 434 Sic
359 391 499 454 quoque,
531 391 603 433 cum
631 369 781 433 laeserim
807 370 985 447 neminem,
1011 368 1132 450 inveni,

66 479 99 528 18
118 459 173 542 qui
202 458 317 523 mallet
348 457 455 541 perire
487 479 552 541 me,
584 479 680 541 quarn
713 457 907 524 incolumem
938 477 1024 522 esse:
1056 456 1132 540 quid

117 546 361 612 inimicitiarum
389 545 517 610 creditis
548 550 756 629 excepturum
782 545 897 682 fuisse,
927 545 956 610 11
983 544 1131 610 insontes

116 634 342 699 lacessisscm‘?
377 633 424 698 At
441 635 527 698 enim
540 632 686 718 Dymnus
704 655 740 699 se
758 634 887 699 occidit!
921 631 1011 699 Num
1030 633 1133 718 igitur

65 721 278 790 refecturum
311 745 384 787 sum
416 723 559 787 divinare
590 721 707 805 potui?
760 720 904 787 Minime.
958 720 1014 786 Ita
976 721 1133 806 tqnod

118 811 225 876 solum
255 811 373 878 indicio
406 810 502 876 fidem
532 810 625 893 fecit,
657 809 690 875 id
721 830 786 894 me,
819 832 892 876 cum
924 833 945 875 1
972 808 1133 875 Cebalino

64 917 99 966 11
117 899 342 1001 interpellatus
366 921 451 981 sum,
477 919 607 964 movere
628 919 695 964 non
722 920 764 982 po
766 902 859 964 t.srat
905 898 952 963 At
973 899 1134 982 hercules,
1143 897 1172 963 31

99 988 146 1052 si
169 989 316 1054 conscius
339 948 470 1070 Dymn'o
497 987 582 1052 tanti
610 987 739 1052 11111111
766 985 914 1071 inissem,
940 985 1043 1052 biduo
1072 986 1134 1052 illo

116 1076 225 1158 prodit
226 1097 262 1142 os
291 1096 361 1140 esse
388 1097 448 1142 nos
480 1075 682 1140 dissimulare
713 1096 780 1141 non
811 1075 921 1142 debui:
956 1072 1134 1141 Cebalinus

64 1183 97 1231 11
117 1164 186 1247 ipss
208 1163 283 1230 tolli
306 1163 472 1228 demedio
495 1163 649 1248 nulloque
672 1163 803 1249 negotio
824 1164 943 1247 potuit
982 1161 1135 1248 Denique

116 1256 194 1335 post
210 1252 355 1318 delatum
373 1251 535 1335 indicium,
552 1253 634 1334 quod
646 1255 815 1335 operturus
831 1273 928 1336 11111,
946 1252 1135 1318 cubiculum

116 1341 203 1424 regis
227 1341 315 1406 solus
338 1339 470 1423 intravi,
492 1339 578 1404 ferro
602 1340 731 1424 quidem
753 1339 886 1405 cinctus.
928 1337 994 1405 Our
1016 1339 1135 1406 distuli

64 1447 97 1496 11
117 1427 267 1492 facinus?
300 1426 353 1492 An
378 1428 447 1492 sine
465 1427 594 1510 Dymno
612 1450 678 1493 non
702 1451 773 1493 11111
792 1426 912 1493 ausus?
949 1427 1010 1492 Ille
1028 1428 1135 1513 igitur

31 1540 33 1543 ·
116 1516 269 1601 princeps
293 1516 522 1581 coniurationis
545 1515 622 1581 11111
650 1517 708 1581 sub
732 1516 820 1581 illius
842 1515 957 1581 umbra
980 1514 1134 1584 Philotas

118 1605 276 1689 latebam,
304 1605 360 1688 qui
384 1624 522 1688 regnum
544 1602 757 1670 Macedonum
780 1604 919 1670 adfecto!
964 1603 1092 1688 Ecquis
1116 1628 1134 1671 1

115 1693 207 1758 vobis
230 1697 401 1777 corruptus
424 1695 474 1757 est
499 1692 614 1758 donis?
647 1713 743 1775 quem
765 1693 891 1776 ducem,
918 1713 1014 1776 quem
1037 1715 1135 1777 pras·

116 1780 237 1847 11111111
260 1781 426 1866 inpensius
450 1780 556 1845 colui?
600 1778 683 1845 Mihi
709 1780 837 1864 quidem
860 1780 1014 1864 obicitur,
1044 1783 1134 1866 quod

117 1870 305 1935 societatem
326 1870 426 1953 patrii
445 1869 602 1934 sermonis
621 1890 788 1952 aspernor,
811 1868 896 1952 quod
914 1867 1134 1937 Macedonum

116 1979 223 2023 mores
249 1957 426 2023 fastidiam.
476 1955 530 2021 Sic
556 1977 634 2040 ergo
665 1957 815 2040 imperio,
846 1957 931 2041 quod
962 1956 1134 2044 dedignor,

63 2047 283 2114 131111111111
325 2045 396 2110 Iam
418 2045 543 2128 pridem
564 2045 693 2109 nativus
720 2044 777 2110 ille
805 2066 911 2110 sermo
935 2048 1131 2113 commercio

117 2134 253 2198 aliarum
276 2131 422 2218 gentium
442 2133 593 2198 exolevit:
616 2137 685 2197 tam
704 2133 895 2216 victoribus,
918 2154 1017 2216 quem
1036 2136 1132 2201 victis

63 2243 98 2292 14
116 2221 288 2322 peregrina
319 2221 433 2305 lingua
460 2220 609 2285 discenda
637 2226 695 2286 est.
745 2219 821 2286 Non
847 2220 1033 2287 mehercule
1064 2224 1132 2291 ista

117 2331 168 2375 me
195 2309 300 2394 magis
328 2309 473 2391 laedunt,
510 2330 607 2392 quam
638 2299 723 2393 qnod
750 2309 924 2393 Amyntas,
956 2308 1132 2378 Perdiccae

116 2399 216 2476 filius,
232 2397 366 2463 insidiet
351 2401 403 2463 tus
422 2358 473 2462 esi
491 2396 575 2481 regi:
594 2418 666 2463 cum
685 2418 748 2482 quo
768 2398 853 2482 quod
869 2397 1014 2463 amicitia
1031 2399 1132 2466 fuerit

116 2488 212 2572 mihi,
229 2508 295 2553 non
313 2507 426 2552 recuso
444 2484 626 2568 defendere,
645 2489 673 2550 si
691 2485 827 2552 fratrem
842 2486 931 2572 regis
949 2508 1015 2552 non
1034 2509 1131 2571 opor·

63 2595 97 2645 11
116 2577 180 2642 1111
166 2575 296 2662 tdiligi
320 2598 340 2642 a
362 2575 465 2640 nobis.
506 2571 642 2639 Sint
585 2578 642 2640 aut
643 2595 695 2639 em
716 2573 752 2639 in
773 2575 831 2641 illo
854 2573 921 2639 1111
906 2578 1003 2640 tunae
1026 2577 1130 2659 gradu

115 2667 260 2748 positum
284 2666 383 2732 etiam
408 2663 554 2729 venerari
577 2685 707 2729 necesse
730 2667 812 2729 crat:
844 2667 966 2746 utrum,
999 2685 1131 2768 quaeso,

117 2754 203 2837 quod
227 2776 295 2819 non
311 2753 466 2836 divinavi,
488 2772 562 2816 rcus
586 2773 670 2835 sum,
694 2773 736 2816 an
759 2752 921 2837 inpiorum
944 2752 1058 2817 amicis
1081 2754 1130 2818 in·

116 2843 264 2906 sontibus
296 2863 423 2925 quoque
454 2839 655 2905 moriendum
688 2839 760 2904 est?
810 2840 902 2916 Quod
934 2841 962 2905 si
990 2861 1130 2925 aequum

116 2932 179 3011 111,
207 2950 264 2993 cur
286 2929 410 2994 tamdiu
432 2926 528 2993 vivo?
556 2927 584 2991 si
606 2926 778 3011 iniustum,
807 2950 862 2993 cur
884 2949 968 2994 nunc
997 2927 1131 2996 demum

63 3036 97 3086 11
116 3015 266 3082 occidor?
305 3016 351 3081 At
374 3017 459 3082 enim
482 3014 597 3097 scripsi
619 3015 764 3079 misereri
786 3037 837 3080 1111
861 3038 988 3100 eorum,
1010 3017 1131 3102 quibus

115 3104 287 3169 vivendum
315 3108 401 3169 esset
427 3104 567 3186 11111,
594 3102 706 3186 quise
732 3103 820 3169 Iovis
847 3104 952 3192 filium
974 3106 1131 3172 erederet

115 3192 209 3258 Fides
239 3191 415 3276 amicitiae,
442 3192 510 3259 vari
538 3189 665 3256 consilii
691 3191 874 3274 periculosa
900 3193 1048 3278 libertas,
1077 3217 1130 3261 me

115 3280 302 3367 decepistis!
329 3302 403 3364 vos,
430 3302 512 3365 quae
540 3278 734 3362 sentiebam,
759 3300 801 3344 ne
823 3281 1006 3364 reticerem,
1035 3284 1130 3366 inpu-

115 3371 217 3437 listis!
251 3367 423 3453 Scripsisse
442 3390 492 3434 ms
510 3369 590 3434 haec
608 3367 720 3449 fateor,
737 3369 791 3432 sed
806 3369 885 3453 regi,
903 3390 970 3434 non
991 3370 1031 3435 de
1049 3392 1129 3458 rege

51 3479 93 3523 27
108 3460 291 3543 scripsisse
336 3455 413 3524 Non
438 3457 523 3522 enim
545 3455 705 3523 faciebam
727 3455 898 3540 invidiam,
926 3458 982 3522 scd
1004 3480 1065 3559 pro
1090 3482 1129 3526 so

94 3546 267 3616 trmebam
304 3545 452 3638 Dignior
470 3545 554 3616 mihi
567 3542 751 3615 Alexander
768 3543 950 3628 ridebatur,
965 3547 1024 3628 qui
1039 3546 1127 3614 loris
