2356 3846
227 151 484 208 HISTORIARUM
501 151 719 207 ALEXANDRI
737 151 791 221 III,
809 156 888 206 3-o‚
1049 149 1069 214 9

53 295 122 359 cius
146 295 267 360 crebris
290 295 564 381 distinguentibus
582 297 674 362 rivis:
697 296 854 379 Pyramus
875 297 908 358 et
926 293 1070 377 Cydnus,

52 383 159 447 incliti
182 405 303 467 amnes,
324 385 437 449 fluunt.
468 384 598 468 Cydnus
617 406 685 448 non
703 384 808 467 spatio
827 405 992 468 aquarum,
1014 383 1070 447 sed

52 471 178 555 liquore
203 473 434 556 memorabilis,
461 474 588 557 quippe·
601 472 666 537 leni
688 475 794 536 tractu
817 493 834 536 e
856 471 1002 535 fontibus
1024 472 1070 534 la-

54 559 135 623 bens
158 581 240 642 puro
263 561 332 626 solo
356 561 512 644 excipitur
533 582 593 625 nec
615 563 775 625 torrentes
804 560 985 642 incurrunt,
1014 560 1070 643 qui

53 647 180 730 placide
207 648 370 712 manantis
394 650 521 714 alveum
544 642 682 713 turbent.
727 647 841 732 Itaque
864 648 1070 730 incorruptus
1089 666 1105 716 9

54 734 204 820 idemque
231 735 472 820 frigidissimus,
500 739 618 821 quippe
640 737 742 800 multa
764 736 907 819 riparum
930 734 1070 799 amoeni·

54 826 123 887 tate
145 824 361 903 inumbratos,
389 826 507 910 ubique
529 825 674 890 fontibus
698 823 764 888 suis
787 824 901 888 similis
925 824 959 887 in
982 844 1070 888 mare

56 909 171 976 evadit
213 910 318 976 Multa
344 913 379 977 in
402 934 440 976 ea
461 914 593 998 regione
616 915 826 977 monumenta
848 912 981 995 vulgata
1003 932 1123 981 car-10

56 998 198 1063 minibus
221 1003 364 1064 vetustas
388 1002 543 1066 exederat.
582 1000 849 1065 Monstrabantur
871 999 1000 1063 urbium
1023 1021 1070 1063 se-

57 1085 113 1150 des
140 1085 292 1170 Lyrnessi
319 1095 351 1152 et
374 1088 514 1172 Thebes,
543 1088 710 1172 Typhonis
738 1109 864 1172 quoque
895 1108 1011 1171 specus
1039 1091 1072 1151 et

55 1172 226 1256 Corycium
252 1197 378 1259 nemus,
410 1177 467 1242 ubi
490 1198 618 1242 crocum
640 1176 798 1260 gignitur,
826 1178 1008 1258 ceteraque,
1036 1175 1071 1239 in

56 1262 175 1346 quibus
198 1262 280 1326 nihil
302 1268 429 1347 praeter
451 1264 572 1329 famam
595 1265 774 1328 duraverat.
877 1275 883 1285 '

10 1349 45 1413 11
145 1350 327 1415 Alexander
362 1351 470 1417 fauces
507 1352 589 1438 iugi,
621 1374 702 1436 quae
734 1351 832 1434 Pylae
859 1352 1070 1435 appellantur,
1089 1372 1122 1420 11

55 1437 201 1504 intravit
232 1437 476 1523 Contemplatus
499 1441 644 1505 locorum
663 1441 761 1504 situm
783 1461 851 1504 non
868 1441 948 1504 alias
967 1440 1071 1525 magis

56 1525 175 1590 dicitur
197 1526 373 1591 admiratus
397 1549 466 1592 esse
488 1528 675 1592 felicitatem
694 1550 798 1592 suam:
822 1528 915 1592 obrui
929 1528 1071 1611 potuisse

56 1614 109 1677 vel
142 1615 227 1678 saxis
260 1615 486 1698 confitebatur,
518 1617 546 1680 si
576 1615 714 1680 fuissent
746 1617 801 1699 qui
830 1618 867 1680 tu
896 1616 1070 1681 subeuntes

56 1702 1070 1874 lttlffltttltmttttfft0t³tltttttlt²
1091 1723 1124 1772 ¹²

57 1876 115 1942 sed
141 1878 329 1962 plerumque
355 1883 558 1963 praeruptae,
591 1878 711 1943 crebris
739 1879 962 1943 oberrantibus
986 1842 1073 1962 rivis:

57 1965 114 2050 qui
136 1986 176 2029 ex
198 1967 358 2031 radicibus
382 1969 540 2031 montium
561 1970 704 2031 manant.
741 1966 883 2031 Thracas
901 1970 1011 2031 tamen
1028 1969 1072 2031 le·
1092 1986 1125 2036 13

56 2053 142 2118 viter
164 2057 305 2118 armatos
327 2055 515 2138 praecedere
533 2056 671 2119 iusserat
690 2055 887 2139 scrutarique
903 2055 1009 2138 calles,
1031 2077 1072 2119 ne

58 2142 204 2207 occultus
226 2141 329 2206 hostis
351 2143 387 2207 in
410 2143 581 2208 subeuntes
600 2146 789 2225 erumperet.
825 2140 1072 2226 Sagittariorum

58 2251 188 2313 quoque
209 2251 324 2295 manus
348 2235 559 2314 occupaverat
580 2230 706 2314 iugum:
736 2231 877 2295 intentos
901 2253 993 2295 arcus
1015 2231 1072 2295 ha·

58 2317 183 2381 bebant
213 2319 341 2400 moniti,
378 2340 445 2383 non
477 2319 539 2383 iter
569 2319 657 2402 ipsos
689 2318 783 2399 inire,
819 2319 875 2382 sed
906 2319 1073 2401 proelium.

58 2404 132 2470 Hoc
153 2405 250 2470 modo
273 2427 390 2490 agmen
412 2408 560 2490 pervenit
582 2407 623 2471 ad
641 2407 753 2471 urbem
771 2405 906 2490 Tarson,
929 2408 980 2472 cui
1001 2410 1072 2472 tum
1092 2427 1126 2476 14

58 2493 198 2558 maxime
221 2492 337 2558 Persae
365 2495 564 2560 subiciebant
589 2495 712 2579 ignem,
742 2515 783 2559 ne
807 2495 994 2577 opulentum
1017 2515 1072 2577 op-

58 2581 171 2665 pidum
197 2580 300 2647 bostis
328 2581 502 2647 invaderet.
546 2582 593 2647 At
614 2583 668 2646 ille
691 2581 903 2646 Parmenione
927 2582 967 2645 ad
990 2581 1126 2652 irbi-15

58 2669 202 2734 bendum
241 2668 426 2734 incendium
462 2692 535 2734 cum
571 2669 719 2753 expedita
754 2691 852 2733 manu
887 2670 1073 2751 praemisso,

59 2759 235 2841 postquam
260 2757 416 2823 barbaros
442 2759 582 2822 adventu
609 2778 740 2822 suorum
766 2757 896 2841 fugatos
924 2778 994 2822 esse
1022 2778 1074 2823 cc·

60 2846 188 2930 gnovit,
209 2845 322 2909 urbem
345 2867 365 2909 a
387 2866 423 2911 se
445 2849 667 2911 conservatam
689 2845 800 2909 intrat

497 3000 575 3070 Cur.
598 3002 639 3069 V.

10 3109 51 3173 12
149 3108 289 3173 Mediam
308 3107 439 3193 Cydnus
463 3110 576 3188 amnis,
599 3109 638 3172 de
660 3130 724 3193 quo
742 3110 840 3193 paulo
859 3111 933 3172 ante
952 3108 1074 3174 dictum
1093 3130 1108 3178 1

61 3200 124 3279 est,
153 3197 318 3262 interfluit.
362 3197 409 3262 Et
434 3201 510 3262 tunc
534 3200 638 3262 aestas
662 3200 743 3280 erat,
775 3199 864 3264 cuius
894 3198 982 3261 calor
1007 3218 1075 3262 non

61 3285 159 3349 aliam
181 3286 285 3370 magis
308 3308 405 3370 quam
419 3284 548 3351 Ciliciae
571 3307 661 3349 oram
682 3306 801 3370 vapore
823 3286 900 3351 solis
921 3285 1074 3368 accendit,

61 3377 95 3438 et
121 3373 185 3438 diei
210 3374 458 3439 fervidissimum
485 3377 613 3456 tempus
641 3394 710 3438 esse
737 3376 895 3456 coeperat.
939 3371 1109 3441 Pulverea

62 3461 159 3526 simul
186 3483 223 3526 ac
253 3463 368 3526 sudore
395 3461 560 3544 perfusum
588 3481 697 3546 regem
719 3462 867 3526 invitavit
888 3460 995 3544 liquor
1016 3460 1074 3524 flu·

61 3550 167 3632 minis,
190 3553 227 3613 ut
249 3550 387 3616 calidum
410 3549 517 3616 adhue
538 3570 658 3637 corpus
674 3550 837 3618 ablueret.
859 3547 1099 3626 namecca
