2370 3834
490 208 706 274 ..27-

86 369 276 455 huiusmodi
303 369 338 433 in
365 369 611 453 quaestionibus
640 369 719 453 poni
746 372 780 434 et
803 369 844 434 ab
867 369 908 434 iis
932 369 1107 434 veritatem

86 458 208 542 inquiri
234 458 273 522 da
300 458 489 544 praemissis
512 458 681 524 mandarit
703 462 737 524 et
763 457 843 524 fecit
868 462 907 523 ut
929 463 981 524 est
1003 458 1106 522 moris

87 550 121 611 et
158 547 298 612 maxime
334 546 557 613 Romanorum
597 547 653 632 qui
693 547 879 612 inventores
919 546 1108 612 huiusmodi

88 636 316 720 quaestionum
349 637 490 702 existere
521 636 715 702 referuntur.
765 635 909 701 Tandem
941 657 1000 719 per
1032 657 1107 701 con-

58 742 72 784 ι
86 724 263 789 fossionem
282 725 430 809 ipsorum
447 726 617 790 inventum
635 725 700 790 fuit
713 747 783 791 rem
797 725 946 790 totaliter
964 724 1013 790 ita
1027 746 1107 810 esre,

86 814 358 898 quemadmodum
380 813 506 880 Helena
530 818 563 879 et
586 815 655 879 eius
678 813 765 879 filius
789 812 1023 880 Constantinus
1043 813 1107 898 ipsi

85 902 277 985 imperatori
290 903 497 987 rettulerant,
514 907 552 969 ut
564 903 795 987 praediximus.
822 902 915 970 Unde
929 903 1107 985 imperator

85 991 190 1056 dictos
209 995 408 1057 mercatores
421 996 498 1076 post
511 992 617 1057 multa
631 992 866 1077 suppliciorum
885 1013 1005 1076 genera
1024 1013 1107 1076 quae

86 1080 127 1144 iis
161 1080 285 1165 imponi
321 1081 433 1166 iussit,
464 1081 600 1146 tandem
632 1082 750 1165 capitis
781 1081 860 1146 fecit
892 1081 1002 1146 subire
1034 1102 1108 1145 sen·

45 1187 73 1228 ιο
86 1170 169 1232 tent'
159 1191 226 1234 1am
250 1172 283 1233 et
305 1169 415 1254 gladio
439 1170 603 1236 decollari.

175 1257 345 1323 Postremo
360 1256 572 1324 Constantius
585 1260 766 1343 imperator
780 1260 946 1343 comperta
960 1258 1000 1322 de
1013 1279 1146 1341 prae·
1093 1253 1146 1316 -4‘

87 1346 197 1411 missis
217 1347 354 1412 veritate
373 1368 412 1412 ac
429 1349 542 1412 invent
543 1369 572 1449 ιζ
590 1348 677 1431 quod
694 1349 835 1413 omniae
836 1347 1004 1432 tsingula‚
1023 1369 1106 1430 quae

85 1433 213 1500 Helena
232 1439 266 1500 et
285 1432 458 1500 Constant'
433 1438 522 1501 tmus
542 1436 611 1501 eius
630 1436 718 1502 filius
737 1437 777 1501 de
792 1458 826 1501 se
846 1442 880 1503 et
898 1435 1106 1538 imperatoris

86 1521 287 1588 Graecorum
313 1524 383 1589 filia
403 1525 613 1609 rettulerant,
639 1547 720 1590 vera
742 1528 853 1590 essent
876 1525 1042 1608 deinque
1064 1523 1107 1589 ad

45 1631 72 1672 ιι
85 1613 220 1766 plenum
244 1613 451 1697 certificatus,
474 1613 566 1678 misit
589 1613 686 1679 solat'
661 1618 781 1698 t,1ones
809 1636 885 1679 suos
909 1615 1049 1698 legatoS,
1072 1616 1107 1678 et

85 1700 220 1766 nuntios
249 1702 290 1766 ad
318 1700 488 1767 Graeciam
516 1723 554 1767 ac
580 1702 772 1786 imperatori
803 1700 1000 1767 Graecorum
1027 1701 1106 1766 fecit

85 1793 192 1855 totam
213 1791 262 1854 rei
280 1791 399 1856 seriem
417 1792 570 1857 nuntiare
590 1791 756 1875 videlicet,
779 1790 920 1875 qualiter
939 1791 1002 1855 duo
1022 1811 1105 1854 mer·

86 1883 214 1945 catores
241 1880 401 1964 praedicti
429 1878 682 1945 Constantinum
710 1881 751 1946 ad
779 1902 852 1945 eum
884 1878 1107 1945 fraudulenter

86 1967 304 2051 perduxerant
331 1991 368 2035 ac
396 1969 498 2034 filiam
527 1991 619 2033 suam
648 1991 700 2052 eo,
730 1969 816 2053 quod
843 1968 908 2052 ipsi
937 1967 1025 2032 facta
1049 1989 1109 2032 sua

43 2076 73 2116 ro
87 2061 121 2121 et
148 2056 329 2122 utilitatem
356 2058 391 2122 in
418 2058 609 2142 praemissis
632 2061 665 2122 et
688 2057 775 2123 circa
798 2079 837 2122 ea
858 2057 1017 2139 facerent,
1046 2057 1109 2121 cal·

85 2145 151 2209 lide
189 2145 253 2210 sibi
289 2147 323 2210 in
356 2168 491 2212 uxorem
527 2146 674 2230 copulari
706 2146 866 2229 fecerant,
903 2145 1108 2230 qualiterque

86 2236 177 2317 ipsos
211 2234 252 2299 ad
285 2234 448 2319 quandam
480 2236 638 2338 insulam,
670 2239 708 2300 ut
734 2235 858 2300 ibidem
890 2235 976 2299 fame
1007 2234 1108 2299 inter·

85 2323 221 2387 licerent
225 2373 235 2406 ‚
206 2324 477 2408 tperduxerant
500 2345 538 2388 ac
558 2324 599 2387 iis
618 2324 667 2388 ibi
684 2324 808 2390 relictis
826 2322 965 2388 Romam
986 2323 1110 2388 reversi

86 2411 218 2476 fuerant
241 2415 275 2477 et
298 2413 439 2496 qualiter
463 2412 594 2496 quidam
617 2412 696 2477 boni
723 2412 871 2477 homines
895 2434 961 2476 non
985 2412 1109 2496 absque

42 2519 72 2560 ac
87 2503 147 2564 nut
149 2522 170 2564 u
133 2500 331 2565 tdeorum
359 2501 549 2565 sublimium
576 2522 676 2584 penes
705 2502 811 2584 ipsam
843 2500 986 2565 insulam
1017 2501 1109 2566 navi·

87 2592 204 2672 gentes
227 2589 381 2673 ipsosque
401 2612 498 2673 super
517 2612 572 2655 eos
592 2590 771 2661 clamantes
795 2589 988 2654 invenerunt
1010 2594 1045 2655 et
1068 2588 1110 2654 ad

86 2677 227 2741 Romam
254 2678 487 2762 perduxerunt,
515 2679 657 2763 qualiter
685 2680 785 2744 etiam
813 2678 852 2743 de
880 2678 932 2743 his
955 2677 1108 2744 omnibus

88 2766 169 2830 satis
193 2766 388 2832 miraculose
411 2768 532 2853 reperit
551 2769 725 2833 veritatem
744 2768 902 2852 dictisque
920 2768 1109 2832 mercatori-

87 2855 159 2938 bus,
178 2855 263 2920 sicut
276 2857 361 2921 male
376 2861 521 2941 egerant,
538 2878 598 2939 per
616 2856 812 2922 sententiam
827 2856 1108 2922 condemnationis

44 2963 73 3004 ao
89 2943 203 3008 inferri
225 2943 350 3010 fecerat
374 2945 571 3030 supplicium
596 2946 685 3011 dirae
708 2946 835 3011 mortio.
876 2989 879 2995 ,

160 3144 175 3191 6
195 3137 252 3192 und
271 3143 286 3192 '1
310 3136 399 3193 Verba
417 3136 653 3206 quemadmodum
671 3169 705 3178 -
724 3138 906 3194 rettullerant
923 3153 974 3193 om.
995 3137 1031 3190 F.
1092 3143 1107 3193 ‘l

86 3208 244 3262 retulerant
257 3210 314 3264 cod.
329 3209 367 3263 D.
441 3215 475 3263 14
489 3209 645 3263 retulerant
659 3211 735 3265 codd.
802 3215 835 3264 15
851 3208 1004 3263 solationes
1021 3209 1109 3275 codd,

87 3281 204 3345 fortasse
223 3285 381 3350 corruptam
399 3285 444 3335 est.
534 3287 566 3335 16
585 3281 720 3335 nunccios
741 3279 1108 3337 codd.17nuncciare

87 3351 165 3404 codd.
239 3357 273 3405 28
292 3350 460 3406 miraculose
480 3367 509 3406 se
529 3353 616 3418 ιοιιιι,,
634 3353 751 3407 alteram
769 3368 799 3405 se
819 3352 911 3407 delevi.
989 3356 1024 3405 29
1044 3367 1109 3405 con-

88 3419 298 3502 dampnationis
317 3424 394 3477 codd.
481 3429 516 3478 30
536 3392 706 3493 supplicium
725 3422 810 3492 digne
828 3420 928 3477 mortis
947 3422 990 3488 1),
1009 3420 1109 3475 mortis

89 3490 150 3546 dire
169 3490 340 3561 supplicium
358 3492 394 3546 F
