2356 3846
121 171 164 236 86
495 169 527 235 Q.
547 168 658 225 OURTI
676 169 762 224 1311111
819 205 821 209 -

121 317 293 401 septimum
318 316 425 380 locum
452 314 650 399 Theodotus,
680 315 833 380 ultimum
859 315 1001 380 obtinuit
1022 313 1134 380 Hella·

85 405 220 475 31113113.
264 403 304 468 In
332 403 502 487 disciplina
525 424 651 487 quoque
673 403 822 468 militaris
844 404 892 467 rei
914 425 934 467 a
955 403 1133 469 maioribus

121 494 238 558 tradito
263 494 415 576 pleraque
443 513 567 556 summa
593 492 734 556 utilitate
760 491 905 556 mutavit.
950 489 1038 556 Nam
1060 513 1134 557 cum

121 584 196 644 ante
228 581 352 664 equites
383 580 418 644 in
448 602 540 644 suam
567 580 699 664 quisque
726 584 855 664 gentem
882 579 1134 646 discriberentur

121 689 250 733 seorsus
274 691 293 732 a
316 669 442 752 ceteris,
475 671 622 751 exempto
644 668 812 732 nationum
835 667 1018 732 discrimine
1041 689 1134 752 prae-

120 755 214 820 fectis
240 778 308 820 non
334 758 444 840 utique
468 778 598 821 3113111111
621 756 779 840 gentium,
806 755 862 820 sed
886 755 1018 819 delectis
1043 757 1134 820 attri-

85 843 200 914 vbuit.
246 843 345 929 Tube,
371 866 443 909 cum
466 847 573 909 castra
595 866 723 909 movere
745 843 851 927 vallet,
874 843 1002 928 signum
1026 843 1135 928 dabat,

121 933 211 1000 ouius
253 954 351 998 sonus
386 934 575 1016 plerumque
610 932 730 996 tumult
715 895 877 996 tuantiuin
912 932 1046 996 fremitu
1082 954 1135 997 ex·

121 1020 246 1086 oriente
213 1021 433 1085 tthaud
382 1043 418 1084 sa
418 1021 460 1085 tis
484 1020 724 1086 exaudiebatur:
757 1041 834 1105 ergo
856 1021 1026 1104 perticam,
1052 1041 1135 1105 quac

121 1109 260 1192 undique
283 1109 425 1192 conspici
447 1111 571 1192 posset,
598 1131 695 1192 supra
717 1109 915 1192 praetorium
939 1109 1068 1187 statuit,
1097 1130 1135 1174 ex

122 1218 186 1281 qua
218 1197 347 1281 signum
377 1197 538 1261 eminebat
570 1197 693 1280 pariter
727 1196 876 1261 omnibus
909 1195 1135 1281 conspicuum:

122 1284 385 1348 observabatur
376 1285 462 1369 rgnis
485 1287 562 1350 noct
563 1307 597 1367 u,
547 1284 727 1349 tfumus
750 1284 899 1349 interdiu.

86 1394 102 1442 a
209 1371 341 1455 Iamque
369 1371 451 1436 Susa
482 1373 511 1436 ei
543 1372 668 1437 adituro
695 1372 859 1451 Abulites,
890 1372 1031 1457 regionis
1065 1373 1170 1440 aius8

120 1460 315 1544 praefectus,
347 1460 413 1525 sive
440 1458 538 1524 Darei
569 1461 672 1542 iussu,
703 1465 740 1524 ut
766 1458 986 1524 Alexandrum
1003 1460 1137 1543 'praeda

125 1548 291 1632 retineret,
322 1549 388 1612 sive
411 1569 470 1612 sua
493 1551 607 1632 sponte
629 1548 731 1613 filium
753 1548 882 1613 obviam
905 1549 1008 1631 misit,
1034 1549 1136 1614 313111·

86 1658 102 1706 9
121 1639 229 1700 turum
253 1657 287 1701 33
309 1635 422 1701 urbem
439 1637 642 1720 promittens.
678 1634 823 1720 Benigne
841 1636 989 1700 iuvenem
1008 1637 1137 1720 excepit

120 1744 177 1787 rex
198 1727 230 1788 33
252 1725 364 1789 eodem
385 1724 524 1804 ducead
543 1722 708 1808 Choaspin
727 1745 855 1788 amnem
877 1723 1034 1808 pervenit,
1057 1724 1136 1789 deli·

70 1834 103 1882 13
121 1815 239 1895 catam,
266 1816 303 1876 ut
329 1812 417 1876 fama
444 1816 506 1896 333,
532 1811 701 1876 vehentem
728 1833 853 1895 aquam.
897 1810 961 1876 Hic
983 1810 1135 1878 Abulites

126 1921 198 1965 cum
226 1901 317 1965 donis
340 1901 457 1984 regalis
481 1899 662 1983 opulentiae
686 1900 833 1964 occurrit.
878 1897 1058 1965 Dromades
1083 1922 1136 1966 ca·

121 1989 198 2052 meli
218 1988 303 2052 inter
326 1987 409 2051 dona
432 1991 524 2052 erant
540 1987 720 2052 velocitatis
739 1987 882 2070 eximiae,
904 2005 955 2051 ΧΠ
969 1987 1136 2071 elephanti

121 2097 141 2139 a
163 2074 269 2139 Dareo
297 2096 336 2139 31
357 2073 451 2139 India
474 2074 579 2158 acciti,
606 2075 671 2139 iam
694 2096 761 2140 non
781 2078 898 2158 terror,
926 2077 964 2138 ut
985 2097 1135 2159 sperave·

121 2167 203 2247 rent,
225 2162 447 2245 Macedonum,
469 2163 526 2228 sed
549 2163 710 2246 auxilium,
733 2184 809 2246 opes
827 2163 905 2228 victi
924 2164 964 2227 ad
978 2164 1135 2230 victorem

69 2273 101 2322 11
120 2251 334 2316 transferente
355 2251 495 2316 fortuna.
531 2249 578 2316 Ut
597 2271 674 2316 vero
696 2250 808 2315 urbem
831 2251 974 2334 intravit,
996 2252 1134 2317 incredi-

120 2339 219 2403 bilem
242 2360 281 2403 ex
303 2339 464 2404 thesauris
488 2360 648 2403 summam
669 2339 824 2422 pecuniae
847 2339 975 2423 egessit,
998 2356 1021 2403 1.
1044 2341 1135 2405 milia

120 2428 279 2492 talentum
304 2426 429 2511 argenti
450 2448 518 2491 non
540 2427 659 2512 signati
680 2427 795 2510 forma,
818 2427 874 2490 sed
892 2425 964 2490 rudi
982 2427 1135 2509 pondera.

69 2536 103 2585 ra
120 2514 217 2581 Multi
252 2535 345 2599 reges
375 2517 485 2579 tantas
517 2535 594 2598 opes
624 2515 724 2600 longa
755 2518 860 2580 aetate
891 2516 1135 2581 cumulaverant

121 2604 231 2669 liberis
253 2602 466 2688 posterisque,
489 2606 526 2667 ut
547 2603 795 2686 arbitrabantur,
817 2623 898 2688 quas
916 2624 982 2667 una
998 2602 1082 2668 hora
1099 2605 1135 2668 in

70 2692 246 2760 1331331111
267 2691 353 2776 regis
376 2712 550 2755 manusm
519 2691 525 2703 '
516 2691 633 2758 mtulit
672 2689 827 2756 Consedit
849 2690 963 2755 deinde
985 2690 1021 2754 in
1043 2693 1135 2776 regia

53 2854 57 2858 .
122 2780 203 2843 sella
225 2780 327 2844 multo
351 2759 524 2844 excelsiore
548 2801 644 2864 quam
666 2800 725 2861 pro
747 2778 863 2843 habitu
883 2779 1036 2862 corporis.
1069 2779 1134 2844 Ite·

123 2888 198 2950 que,
230 2889 303 2931 cum
334 2867 432 2967 pendes
458 2866 603 2948 primum
634 2866 769 2948 gradum
800 2887 868 2932 non
898 2867 1135 2952 contingerent,

69 2973 104 3022 14
122 2975 205 3018 unus
234 2976 273 3018 ex
298 2955 397 3039 regiis
424 2955 531 3055 pueris
558 2973 705 3018 mensam
732 2952 874 3018 subdidit
900 2954 1043 3038 pedibus.
1088 2955 1136 3020 113

121 3063 194 3108 cum
218 3040 410 3127 spadonem,
432 3042 488 3126 qui
509 3039 608 3105 Darei
628 3040 749 3123 fuerat,
770 3041 1035 3126 ingemiscentem
1060 3065 1135 3109 con

121 3129 280 3214 spexisset
310 3151 379 3213 rex,
411 3150 542 3195 causam
573 3128 753 3194 masatitias
779 3130 954 3215 requisivit.
998 3129 1095 3196 1113
1085 3153 1134 3197 rn-

122 3217 209 3282 dicat
230 3215 372 3282 Dareum
394 3217 481 3283 vesci
503 3217 537 3282 in
561 3237 599 3282 33
621 3215 766 3301 3311311111,
796 3239 892 3302 seque
915 3239 1041 3282 sacram
1065 3220 1134 3286 eius

121 3326 267 3371 mensam
293 3303 335 3370 ad
363 3305 538 3371 ludibrium
569 3303 763 3371 recidentem
792 3306 862 3371 sine
888 3307 1029 3372 lacrimis
1058 3329 1133 3373 con

69 3394 244 3478 respicere
266 3415 334 3459 non
355 3414 459 3476 posse.
496 3391 604 3459 Subiit
625 3413 704 3480 ergo
725 3413 835 3479 regem
857 3395 1098 3460 verecundia
1066 3418 1134 3462 vro·

104 3481 206 3545 landi
230 3481 417 3566 hospitales
447 3481 537 3564 deos,
567 3483 695 3568 iamque
724 3480 857 3547 subduci
883 3482 1028 3566 iubebat,
1059 3505 1133 3550 cum

86 3560 264 3635 Philotas:
305 3569 460 3640 ‘Minima
491 3593 571 3641 varo
599 3571 683 3640 hsce
704 3569 837 3655 1333113,
863 3589 938 3651 131,
965 3533 1144 3633 sedamen
