2370 3834
255 191 510 249 masculanum
527 191 740 249 ALEXANDRI
757 193 832 265 VIII,
849 201 875 250 3.
894 201 920 249 4.
1028 195 1093 260 195

75 339 190 404 tinuus
221 337 304 402 caeli
335 336 447 423 fragor
480 339 513 402 et
548 338 671 420 passim
706 338 889 406 cadentium
920 339 1092 407 fulminum

78 427 204 511 speeies
230 425 397 491 visebatur
423 425 635 509 attonitisque
662 427 792 494 auribus
821 432 953 511 stupens
976 448 1093 512 agmen

76 536 139 581 nec
169 513 324 599 progredi
352 535 412 579 nec
439 513 614 580 consistere
647 514 796 580 audebat
845 515 928 582 Tum
959 521 1126 600 repentes

76 603 183 669 imber
211 601 401 687 grandinem
426 601 585 668 incutiens
612 604 768 669 torrentis
789 604 886 670 modo
911 605 1092 671 effunditur.

76 691 128 757 Ac
157 690 264 776 primo
294 690 422 775 quidem
454 691 554 756 armis
587 691 654 756 suis
685 691 765 757 tecti
797 697 1001 777 exceperant,
1036 694 1092 760 sed

76 781 145 846 iam
162 799 223 845 nec
239 779 379 844 retinere
398 800 489 844 arma
506 779 632 845 lubrica
644 780 788 865 rigentes
807 803 922 845 manus
940 784 1093 864 poterant

77 889 137 934 nee
172 866 239 951 ipsi
275 867 451 951 destinare,
487 868 523 932 in
559 889 657 952 quam
688 869 855 954 regionem
888 868 1092 937 obverterent

77 976 229 1040 corpora,
268 975 342 1020 cnm
377 955 518 1040 undique
553 957 758 1041 tempestatis
794 957 950 1024 uiolentia
987 959 1092 1025 maior

78 1066 179 1130 quam
207 1043 375 1109 vitabatur
408 1049 598 1110 occurreret.
650 1043 741 1130 Ergo
773 1045 941 1111 ordinibus
975 1046 1127 1111 salutisa

77 1153 136 1218 per
157 1135 266 1198 totum
285 1131 404 1196 saltum
423 1132 639 1199 errabundum
658 1153 776 1217 agmen
797 1134 970 1207 ferebatur.
1008 1132 1091 1199 Mul·

77 1222 168 1306 tique
189 1221 281 1304 prius
300 1223 388 1286 metu
406 1243 502 1305 quam
525 1221 638 1287 labore
656 1221 826 1308 defatigati
847 1227 1092 1306 prostraverant

77 1308 171 1376 humi
188 1329 339 1392 corpora,
357 1330 552 1392 quamquam
570 1309 708 1375 imbrem
723 1311 772 1375 ris
789 1309 922 1396 frigoris
940 1315 1091 1377 concreto

78 1398 156 1483 gelu
181 1396 409 1462 adstrinxerat
453 1396 521 1461 Alii
548 1419 583 1462 se
610 1398 775 1482 stipitibus
802 1400 956 1466 arborum
983 1399 1127 1464 admo-r

77 1488 206 1551 verant:
228 1485 261 1550 id
283 1484 433 1568 plurimis
457 1488 490 1550 et
512 1485 743 1551 adminiculum
761 1489 795 1551 et
817 1488 990 1571 suffugium
1014 1491 1093 1554 erat

76 1572 148 1641 Nea
174 1571 314 1638 fallebat
339 1573 428 1657 ipsos
454 1573 555 1639 morti
580 1575 688 1639 locum
714 1574 849 1659 eligere,
876 1596 948 1640 cum
976 1576 1127 1641 immo-8

77 1662 160 1729 biles
188 1661 300 1727 vitalis
328 1661 417 1727 calor
442 1661 618 1746 linqueret:
650 1662 707 1727 sed
735 1666 830 1746 grata
856 1666 928 1728 erat
958 1665 1093 1747 pigritia

77 1771 251 1835 corporum
272 1749 421 1835 fatigatis
438 1770 498 1815 nec
515 1749 709 1816 recusabant
726 1750 872 1833 extingui
891 1751 1092 1834 quiescendo.

77 1838 209 1924 Quippe
231 1859 298 1903 non
319 1838 496 1906 ,vehemens
523 1838 633 1923 modo,
661 1838 717 1903 sed
744 1839 842 1904 etiam
870 1839 1020 1922 pertinax
1042 1841 1092 1906 vir

77 1927 160 1993 mali
186 1925 362 1991 insistebat
388 1926 570 2010 lucemque,
595 1926 743 1992 naturale
767 1927 936 2011 solacium,
964 1931 1093 2011 praeter

77 2018 308 2100 tempestatem
343 2014 430 2079 haud
461 2014 624 2097 disparem
657 2015 747 2081 nocti
778 2015 933 2080 silvarum
965 2037 1092 2100 quoque

76 2104 197 2170 umbra
229 2107 463 2186 suppresserat
514 2102 585 2168 Rex
616 2125 699 2168 unus
730 2103 816 2168 tanti
852 2105 931 2168 mali
964 2105 1128 2187 patiense

77 2192 247 2259 circumire
270 2186 406 2276 militesl,
432 2190 623 2257 contrahere
646 2191 822 2276 dispersos,
849 2192 997 2257 adlevare
1020 2214 1093 2277 pro·

77 2284 216 2364 stratos,
239 2277 407 2345 ostendere
430 2279 542 2362 procul
561 2279 726 2345 evolutum
747 2301 787 2345 ex
807 2281 947 2364 tuguriis
968 2282 1092 2346 fumum

77 2369 282 2452 hortarique,
309 2370 347 2432 ut
373 2367 521 2449 proxima
551 2388 694 2451 quaeque
722 2369 863 2452 suffugia
890 2373 1093 2452 occuparent.

77 2455 149 2522 Nec
167 2456 237 2521 ulla
254 2476 306 2520 res
324 2455 432 2539 magis
451 2455 550 2519 saluti
567 2455 638 2538 fuit,
657 2477 754 2539 quam
774 2456 860 2539 qnod
877 2457 1093 2539 multiplicato
1114 2467 1147 2516 10

78 2545 193 2610 labore
222 2542 436 2608 sufficientem
464 2543 575 2625 malis,
600 2543 671 2624 qais
692 2543 757 2625 ipsi
779 2547 955 2626 cesserant,
982 2563 1092 2627 regem

23 2632 70 2700 15
81 2633 230 2699 deserere
253 2630 495 2696 erubescebant.
531 2627 683 2694 Ceterum
704 2630 867 2696 efficacior
888 2631 924 2694 in
948 2630 1092 2695 adversis
1112 2642 1145 2690 11

78 2721 257 2787 necessitas
281 2741 380 2803 quam
402 2717 486 2783 ratio
508 2716 640 2801 frigoris
657 2718 836 2783 remedium
858 2718 991 2785 invenit.
1029 2717 1094 2782 Do·

10 2848 12 2855 ·
78 2809 185 2875 labris
216 2809 303 2873 enim
337 2808 436 2872 silvas
469 2809 610 2871 sternere
639 2805 783 2890 adgressi
814 2806 937 2889 passim
964 2826 1094 2872 aceruos

80 2901 251 2981 struesque
272 2895 494 2961 accenderunt.
526 2891 712 2959 Continenti
729 2893 877 2959 incendio
897 2894 1009 2959 ardere
1028 2915 1093 2959 cre·
1114 2904 1146 2953 12

80 2985 173 3051 dores
197 2985 320 3051 saltum
343 2988 376 3049 et
397 2983 452 3048 uix
473 2982 560 3048 inter
577 2982 725 3047 flammas
744 2982 927 3066 agminibus
946 2983 1094 3047 relictum

79 3075 198 3141 locum.
243 3072 307 3138 Hic
335 3072 424 3137 calor
451 3072 615 3154 stupentia
642 3071 788 3135 membra
813 3071 989 3136 commouit
1016 3093 1093 3154 pau·

79 3164 238 3248 latimque
257 3160 402 3244 spiritus,
420 3180 515 3243 quem
530 3160 734 3224 continuerat
750 3158 846 3242 rigor,
865 3180 973 3224 meare
992 3158 1095 3223 libere

81 3253 197 3338 coepit.
249 3249 413 3333 Excepere
446 3248 529 3312 alios
560 3250 648 3312 tecta
679 3247 905 3329 barbarorum,
942 3269 1024 3330 quae
1061 3248 1095 3311 in
1115 3259 1149 3308 13

80 3342 197 3407 ultimo
229 3339 317 3404 saltu
349 3335 461 3402 abdita
492 3336 668 3400 necessitas
704 3334 975 3420 investigaverat:
1013 3335 1095 3400 alios

81 3432 202 3512 castra,
231 3448 315 3511 quae
342 3425 377 3490 in
399 3423 531 3489 humido
554 3423 697 3506 quidem,
724 3423 780 3487 sed
807 3422 872 3487 iam
901 3422 981 3486 caeli
1003 3423 1096 3489 mite

80 3518 191 3583 scente
220 3513 357 3580 saevitia
383 3513 579 3578 locaverunt.
621 3508 696 3576 Duo
720 3510 819 3575 milia
835 3511 993 3573 nubitum
1008 3513 1120 3578 steps

78 3605 218 3670 lixarum
237 3603 453 3690 calonumque
476 3600 587 3688 pestis
607 3600 675 3668 illa
691 3596 921 3679 consumpsit».
934 3581 1120 3738 §emerus
