2356 3846
452 147 697 221 ‚omnnium
1016 145 1093 201 xxv

64 291 229 347 confossum
242 290 406 346 vulneribus
420 290 557 360 relinquit
570 291 695 361 fugaque
705 290 761 346 sibi
771 288 902 346 considit
931 289 1088 359 liopertum

63 362 152 418 Darei
169 379 270 432 corpus
284 361 445 418 Alexander
463 361 589 417 lacrimis
604 361 785 432 prosequitur
800 365 830 418 et
849 360 886 418 ad
901 359 1087 431 Sisigambim

64 433 262 505 sepeliendum
279 432 379 488 mittit

479 600 602 662 LIBER
625 601 677 664 Vl.

136 717 158 772 1.
177 705 283 772 Proelii
301 717 377 772 iuter
390 717 629 773 Lacedaemonios
645 721 730 787 atque
744 718 914 775 Macedones
929 720 978 788 (ad
992 718 1037 774 Me
1057 737 1089 781 a

23 779 29 793 ⁹
65 788 190 914 lopolinss
207 787 352 844 commissi
370 788 531 858 descriptio.
561 788 663 859 Agidis
681 807 766 845 mors.
794 790 852 844 Pax
871 791 907 846 ab
926 789 1016 846 Alexa
1056 807 1088 845 ro

64 859 150 915 vietis
191 858 399 915 acedaemoniis
422 859 595 916 comeditur.
633 862 666 915 ll.
685 861 846 917 Alexander
868 861 945 917 bello
965 861 1088 916 invictus

65 931 126 986 otio
145 933 175 986 et
193 930 304 986 deliciis
322 929 476 1001 frangitur:
500 931 576 986 unde
594 949 690 987 rumor
707 950 758 1002 per
776 936 882 1000 castra,
907 931 957 1002 qui
975 935 1090 1002 torpeu-

64 1005 124 1057 tem
146 1001 261 1056 excitat.
302 1002 349 1056 111.
373 1000 528 1058 Alexandri
550 1003 587 1058 ad
610 1003 718 1058 milites
742 1003 846 1072 oratio,
872 1006 905 1059 ut
927 1004 1036 1059 bellum
1058 1003 1089 1058 in

64 1073 135 1128 Asia
152 1073 319 1128 incohatum
334 1076 541 1143 persequantur
560 1076 590 1130 et
607 1075 764 1131 absolvant.
798 1074 844 1130 IV.
865 1074 1002 1143 Ziobetis,
1022 1075 1089 1130 miri

64 1143 201 1211 fluminis,
226 1143 388 1214 descriptio.
430 1145 591 1200 Alexander
608 1146 771 1202 Nabarzani
794 1163 845 1216 per
867 1145 980 1201 litteras
1003 1147 1089 1202 iidem

63 1215 125 1270 eins
143 1215 301 1285 inploranti
314 1215 429 1271 reniam
441 1216 601 1285 pollicetur.
629 1217 740 1272 Deinde
753 1218 893 1286 quosdam
905 1217 992 1273 Darei
1007 1235 1088 1287 prae-

65 1287 156 1342 lectos
179 1285 283 1356 recipit
304 1286 337 1340 in
359 1286 490 1357 gratiam.
527 1288 561 1342 V.
585 1286 728 1344 Artabazo
752 1304 867 1344 summe·
884 1306 949 1344 cum
971 1289 1088 1344 benivo-

63 1358 155 1424 lentia
163 1360 281 1428 excepto
292 1357 414 1425 Graecis,
429 1358 480 1427 qui
488 1357 612 1413 Dareum
622 1359 797 1428 adiuverant,
812 1359 1088 1430 parcitAleranderz

63 1429 227 1484 Mardorum
251 1431 336 1498 geute
359 1428 504 1483 debellata
522 1430 697 1485 Amazonum
719 1431 840 1501 reginae
858 1431 986 1502 cupidini
1005 1431 1087 1487 satis-

63 1500 142 1556 facit.
180 1500 227 1555 VI.
246 1499 415 1555 Macedones
433 1500 589 1555 Alexandri
608 1501 787 1557 offenduntur
805 1502 944 1558 moribus:
968 1519 1088 1572 quorum

63 1574 96 1626 ut
114 1569 285 1626 seditionem
303 1573 456 1638 averteret,
477 1571 514 1625 ad
532 1572 640 1626 bellum
658 1573 746 1628 Besso
765 1573 943 1629 inferendum
962 1576 1087 1629 mentem

63 1641 218 1698 convertit:
238 1641 465 1709 Satibarzanem,
485 1642 562 1711 qnod
580 1641 743 1712 defecisset,
762 1644 885 1714 primum
898 1645 1086 1714 persequitur,

62 1714 203 1769 barbaros
230 1729 249 1768 a
274 1711 420 1767 montibus
442 1712 557 1768 fortiter
579 1712 728 1784 dispellit,
748 1715 911 1770 Artacoana
933 1719 1085 1786 expugnat.

62 1785 122 1840 VII.
138 1783 370 1840 coniurationem
388 1783 419 1837 in
432 1783 625 1839 Alexandrum
642 1784 749 1840 factam
762 1785 889 1855 Dymnus
903 1786 1086 1855 Nicomacho,

62 1855 110 1910 hie
137 1870 189 1926 per
217 1854 386 1910 Gebalinnm
412 1853 529 1910 fratrem
555 1855 717 1912 Alexandro
745 1856 878 1927 detegit·
909 1857 984 1912 Hinc
1011 1875 1088 1912 mors

61 1926 181 1997 Dymni,
210 1925 260 1996 qui
282 1925 344 1996 ipse
373 1925 430 1980 sibi
456 1942 558 1981 manus
584 1926 679 1982 infert.
725 1928 798 1984 Vlll.
831 1927 993 1984 convocato
1016 1930 1087 1984 ami-

62 2013 166 2053 corum
179 1995 300 2053 coneilio
318 1996 462 2065 Philotas,
480 1997 676 2054 Parmenionis
695 1999 783 2067 filius,
803 1998 1007 2055 coniurationis
1023 2017 1087 2056 auc-

60 2072 109 2124 tor
127 2071 162 2124 et
174 2067 324 2139 particeps
333 2067 420 2124 finisse
440 2068 564 2124 creditus
579 2069 818 2139 conprehenditur
831 2088 864 2126 ac
883 2070 977 2127 velato
992 2071 1087 2153 capite

60 2140 98 2195 in-
110 2139 220 2210 regiam
238 2137 397 2194 abducitur.
430 2139 477 2194 IX.
491 2139 534 2195 De
548 2140 745 2197 coniuratione
759 2141 914 2197 Alexandri
928 2143 966 2196 ad
979 2143 1086 2198 mihtes

60 2211 166 2280 oratio,
185 2211 217 2265 in
234 2227 354 2279 quorum
372 2210 534 2266 contionem
551 2211 718 2281 producitur
730 2212 866 2268 Philotas.
900 2212 932 2268 X.
955 2212 1087 2269 Philotae

60 2281 165 2350 oratio,
195 2299 251 2351 qua
278 2281 481 2336 coniurationis
510 2282 721 2339 accusationem
747 2283 861 2340 refellit.
906 2284 952 2338 Xl.
984 2284 1086 2341 Contio

61 2371 81 2410 a
100 2354 209 2410 Bolone
232 2353 357 2436 quodm
382 2368 503 2408 accensa
527 2353 671 2409 Philotam
694 2355 818 2411 damnat.
860 2356 889 2409 Is
906 2356 992 2425 paulo
1011 2359 1085 2426 poet,

60 2428 95 2480 ut
122 2442 152 2480 se
179 2423 352 2479 cruciatibus
379 2423 527 2492 liberaret,
559 2425 785 2482 coniurationem
814 2427 874 2483 sive
901 2427 999 2482 fictam
1024 2427 1086 2483 sive
1161 2477 1165 2484 .

59 2513 158 2552 veram
176 2496 335 2621 beontitmm
362 2496 392 2550 et
420 2511 439 2550 a
464 2495 667 2552 Macedonibus
695 2514 759 2553 cum
787 2498 851 2554 aliis
880 2514 957 2553 more
989 2499 1084 2568 patrio

60 2567 138 2624 sams
157 2584 176 2623 o
197 2567 296 2624 ruitur.

402 2732 408 2739 ·
433 2818 434 2823 Ν
465 2734 589 2796 meua
611 2734 682 2801 vu.

132 2852 152 2908 l.
176 2851 238 2907 Iter
254 2851 446 2907 Alexandrum
464 2851 644 2920 Eyneestem,
667 2851 827 2907 maiestatis
846 2867 937 2919 reum,
962 2851 1085 2908 interfici

60 2923 155 3006 iubet:
178 2922 282 2978 deinde
301 2922 332 2976 in
350 2922 504 3004 Amyntam
521 2924 552 2977 et
569 2921 728 3005 Simmiam,
753 2922 883 2978 Philotae
903 2921 1022 2991 amicos,
1041 2923 1084 2979 in-

59 2994 1084 3148 satanaerenuntiarentur?tem

59 3137 91 3192 in
109 3136 239 3219 Mediam
257 3151 310 3218 pro
355 3138 402 3190 tus
421 3136 646 3218 Parmenionem.
658 3136 804 3206 mterhcrt:
827 3137 904 3191 unde
921 3138 1083 3219 mdrgnatio

58 3211 89 3264 et
111 3208 219 3264 somno
238 3207 365 3262 militum
387 3207 582 3262 Parmemoms
606 3210 708 3275 oritur,
733 3225 806 3276 quae
824 3210 920 3263 tamen
938 3209 1018 3263 brem
1037 3225 1083 3264 ex·

58 3278 208 3350 tinguitur.
253 3278 300 3333 111.
324 3277 426 3333 Varios
454 3279 574 3348 populos
602 3277 763 3334 Alexander
788 3280 888 3335 domat
914 3281 943 3334 et
972 3281 1082 3350 septen·

59 3350 155 3406 decim
172 3349 274 3405 diebus
293 3364 358 3404 cum
381 3349 507 3409 exercitu
525 3349 684 3406 Caucasum
702 3354 825 3421 superat.
857 3351 903 3405 IV.
923 3351 1027 3406 Bessus
1047 3353 1082 3408 de

58 3421 136 3477 bello
169 3421 304 3476 adversus
331 3420 525 3476 Alexandrum
549 3421 674 3492 gerendo
702 3421 779 3477 inter
803 3422 902 3492 epulae
930 3422 1081 3489 consultat,

59 3492 186 3564 sapienti
201 3493 298 3547 tamen
314 3491 430 3548 Oebaris
449 3492 569 3547 consilio
588 3510 646 3548 non
663 3495 753 3563 paret.
786 3492 904 3548 Interim
916 3510 969 3548 rex
979 3494 1088 3547 Bactra

78 3555 199 3631 ‘rreum
225 3561 274 3618 ubi
298 3563 335 3620 de
359 3563 533 3622 Graecomm
555 3563 722 3623 delectione
745 3568 779 3621 ct
799 3562 1052 3619 deramatam
1066 3559 1109 3607 aa
1164 3620 1166 3631 γ

75 3633 169 3703 tigyio
178 3633 321 3706 singulari
331 3637 495 3698 certamine
511 3640 611 3698 occiso
624 3638 753 3697 nuntius
767 3637 799 3694 ei
809 3634 961 3690 abtamur.
979 3627 1009 3677 a
1022 3621 1132 3676 ,mm-
1145 3620 1166 3663 h
