2356 3846
126 148 191 213 154
496 149 527 216 Q.
547 148 761 204 1111111111

125 313 207 375 sem,
234 293 300 357 alte
323 293 538 358 dissimulatio
563 314 636 358 mea
658 314 836 376 suppurare
859 290 1030 376 potuisset.
1073 289 1138 357 Sed

125 382 228 445 satius
261 385 310 444 est
341 386 498 464 purgatos
531 403 601 446 esse
631 404 729 465 quarn
757 385 933 464 suspectos.
984 378 1137 466 Cogitate

124 470 287 532 neminem
310 470 434 534 absolvi
458 491 562 553 posse,
584 470 649 534 nisi
672 470 729 553 qui
751 470 869 535 dixerit
892 490 1034 534 causam.
1078 467 1138 553 Tu,

75 568 107 617 10
125 555 279 639 Amynta,
297 558 428 640 ignosce
446 558 540 622 fratri
559 562 625 622 tuo.
656 557 730 622 Erit
748 557 809 623 hoo
828 557 1021 640 simpliciter
1038 557 1138 622 etiam

125 644 206 708 mihi
228 647 428 710 reconciliati
450 647 550 710 animi
571 647 621 711 tui
643 645 785 729 pignus'.

214 731 371 799 Contione
386 735 500 799 deinde
516 734 649 798 dimissa
662 733 898 817 Polydamanta
910 733 1021 798 vocari
1037 733 1164 801 iubetl

73 832 104 881 11
125 819 235 904 Longe
256 823 499 906 acceptissimus
518 822 725 887 Parmenioni
747 827 827 905 erat,
848 822 1017 905 proximus
1040 822 1138 887 lateri

124 909 160 972 in
183 910 250 975 acie
273 915 359 975 stare
382 911 511 976 solitus:
540 913 573 974 et
595 932 790 994 quamquam
813 909 1012 975 conscientia
1033 909 1137 975 fretus

73 1008 105 1057 12
125 998 160 1061 in
187 998 312 1082 regiam
338 1002 479 1083 venerat,
501 1002 623 1083 tamen,
652 1002 689 1063 ut
715 1000 822 1062 iussus
845 1002 896 1062 est
917 998 1049 1063 fratres
1062 1020 1138 1063 suos

126 1085 275 1150 exhibere
295 1087 465 1152 admodum
483 1087 615 1152 iuvenes
634 1091 667 1152 et
684 1087 755 1171 regi
773 1086 905 1172 ignotos
924 1087 967 1151 ob
986 1090 1139 1170 aetatem,

125 1173 243 1239 fiducia
269 1176 304 1238 in
331 1176 580 1240 sollicitudinem
607 1197 702 1240 versa
727 1175 889 1259 trepidare
916 1175 1038 1257 coepit,
1072 1197 1139 1240 sae·

125 1263 211 1345 pius,
238 1285 319 1346 quae
346 1285 461 1327 nocere
488 1267 635 1347 possent,
664 1285 760 1346 quam
783 1264 899 1347 quibus
923 1283 960 1328 eo
984 1263 1138 1348 eluderet,

74 1362 106 1410 13
125 1355 288 1432 reputans.
333 1351 402 1415 lam
426 1352 590 1434 armigeri,
612 1351 728 1435 quibus
748 1352 945 1433 imperatum
963 1355 1045 1435 erat,
1068 1373 1138 1435 pro·

126 1437 283 1502 duxerant
305 1460 370 1523 eos,
393 1462 467 1504 oum
490 1460 667 1524 exanguem
690 1444 780 1504 metu
802 1439 1042 1522 Polydamanta
1065 1460 1137 1523 pro·

74 1538 107 1587 14
124 1525 197 1608 pius
212 1526 361 1591 accedere
375 1549 430 1592 rea
443 1527 534 1594 iubet
547 1528 781 1610 summotisque
797 1528 957 1605 omnibus,
976 1525 1136 1612 ‘Scelere'

124 1613 245 1698 inquit,
277 1614 518 1682 ‘Parmenionis
550 1637 661 1680 omnes
692 1616 816 1698 pariter
848 1615 984 1698 adpetiti
1016 1638 1137 1698 sumus,

125 1704 264 1767 maxime
288 1724 348 1788 ego
372 1707 476 1788 actu,
499 1725 579 1787 quos
604 1704 715 1768 amicit
715 1704 765 1769 iae
784 1704 891 1786 specie
913 1703 1042 1769 fefellit
1085 1703 1136 1768 Ad

125 1812 221 1873 quem
242 1792 499 1876 persequendum
520 1792 845 1944 puniendumquet—
836 1791 955 1944 Stvide,
978 1796 1137 1875 quantum

74 1891 105 1940 15
124 1877 199 1942 fidei
217 1883 292 1945 tuae
311 1882 511 1963 credam,—
536 1884 569 1944 te
592 1881 688 1945 minis
690 1884 741 1945 tro
764 1880 814 1945 uti
902 1878 1138 1965 1101111111,

124 1966 202 2032 dum
233 1969 296 2033 hoc
326 1969 470 2052 peragis,
501 1971 594 2033 erunt
580 1968 691 2032 11111
676 1971 743 2032 1111
770 1969 827 2032 tui.
836 1883 1138 2034 StPr'olicisceroin

92 2055 265 2121 Mediam
293 2060 326 2120 et
349 2057 390 2121 ad
411 2056 592 2139 praefectos
614 2077 703 2120 meos
726 2057 853 2120 litteras
878 2057 1016 2139 scriptas
1039 2079 1137 2123 manu

125 2166 198 2209 mea
210 2144 327 2226 perfer.
362 2144 545 2210 Velocitate
559 2165 640 2227 opus
655 2148 713 2226 est,
732 2166 797 2228 qua
815 2144 1015 2210 celeritatem
1031 2146 1138 2226 famae

29 2289 32 2294 .
126 2233 303 2297 antecedas.
348 2232 457 2298 Noctu
480 2233 647 2316 pervenire
668 2232 746 2296 illuc
768 2236 801 2295 te
820 2233 903 2315 volo,
925 2237 1059 2316 postero
1077 2235 1138 2317 die,

73 2331 106 2381 16
126 2342 207 2405 quae
236 2322 359 2404 scripta
387 2324 493 2404 erunt,
521 2321 644 2404 exequi.
689 2319 741 2384 Ad
763 2319 981 2401 Parmeniona
1008 2343 1138 2408 quoque

126 2409 280 2494 epistolas
302 2409 401 2493 feres,
422 2431 520 2474 unam
544 2432 563 2472 a
586 2430 650 2492 me,
674 2408 811 2473 alteram
834 2408 982 2474 Philotae
1004 2413 1137 2476 nomina

126 2499 287 2582 scriptam.
329 2495 464 2582 Signum
483 2497 572 2561 anuli
590 2498 658 2561 eius
677 2497 712 2561 in
730 2517 803 2562 mea
819 2500 983 2580 potestate
1001 2502 1061 2563 est
1103 2498 1139 2565 si

124 2591 218 2670 pater
245 2586 351 2651 credet
379 2586 488 2651 afilio
511 2587 708 2669 inpressum,
735 2607 808 2649 curn
835 2589 869 2649 ta
896 2585 1028 2669 viderit,
1053 2588 1138 2652 nihil

74 2685 105 2735 11
125 2675 269 2740 metuct'.
317 2674 513 2757 Polydamas
544 2677 636 2739 tanto
667 2675 824 2739 liberatus
855 2677 944 2738 metu
970 2675 1163 2758 inpensius8

126 2765 235 2846 etiam,
254 2786 350 2848 quam
369 2763 569 2847 exigebatur,
586 2763 751 2846 promittit
765 2783 896 2846 operam
910 2763 1137 2830 conlaudatus·

126 2863 187 2933 que
211 2855 244 2915 et
265 2852 435 2935 promissis
459 2856 610 2916 oneratus
634 2850 782 2934 deposita
801 2853 901 2934 veste,
924 2868 1023 2934 quam
1040 2851 1138 2918 habe·

73 2948 106 2998 18
125 2938 191 3021 bat,
213 2939 354 3004 Arabica
379 2939 531 3003 induitur.
575 2938 648 3003 Duo
671 2938 811 3022 Arabes,
839 2960 974 3022 quorum
1001 2940 1138 3006 interim

126 3029 278 3110 coniuges
301 3048 338 3092 ao
360 3027 457 3091 liberi
483 3027 645 3091 vinculum
668 3025 742 3089 fidei
765 3027 893 3092 obsides
917 3028 1002 3111 apud
1025 3049 1137 3114 regom

125 3120 230 3199 arant,
254 3116 321 3180 dati
344 3117 490 3181 comites.
534 3114 596 3179 Per
619 3114 746 3178 deserta
769 3115 867 3180 etiam
891 3116 933 3180 ob
956 3117 1138 3182 siccitatem

125 3204 198 3269 loca
230 3203 360 3268 camelis
390 3203 557 3268 undecimo
585 3202 653 3286 die,
684 3223 748 3285 quo
779 3203 1034 3288 destinaverant,
1065 3228 1137 3290 per·

74 3303 106 3352 19
125 3293 266 3357 veniunt.
311 3290 356 3354 Et
386 3293 575 3375 priusquam
606 3291 709 3374 ipsius
740 3292 944 3357 nuntiaretur
905 3293 1138 3396 uradvantns,

125 3403 236 3446 rursus
263 3379 460 3462 Polydamas
492 3385 616 3445 vestem
642 3378 882 3444 Macedonicam
914 3381 1015 3446 sumit
1042 3383 1113 3447 et
1102 3405 1137 3448 m

116 3468 367 3535 tabernaculum
396 3464 612 3533 Cleandri-
636 3470 731 3551 praet
733 3488 770 3531 or
716 3468 845 3532 thio
868 3470 977 3552 regius
1000 3474 1137 3537 erat-

39 3560 222 3636 20111111
249 3557 369 3645 vigilia
391 3560 556 3646 pervenit.
532 3555 753 3626 tltedditis
780 3555 896 3620 deinde
918 3558 1041 3621 litteris
1064 3581 1136 3624 eon·
