2356 3846
216 134 469 196 HISTORIARUM
487 141 706 199 ALEXANDRI
723 143 784 214 vn,
804 150 845 202 10.
867 151 908 202 11.
1000 146 1062 212 181

55 276 228 350 obtinebat
250 284 414 349 alimentis
437 289 512 351 ante
533 287 703 371 congestis,
726 309 808 372 quae
826 292 937 354 tantae
955 291 1064 356 multi·
1095 317 1097 320 ’

54 371 162 438 tudini
179 371 232 436 vel
250 393 309 455 per
327 373 493 439 biennium
517 379 733 458 suppeterent
777 376 876 442 Petra
897 379 932 443 in
955 378 1099 443 altitu-a

56 460 166 524 dinem
183 477 258 524 xxx
276 461 397 525 eminet
415 461 531 546 stadia,
548 463 685 528 circuitu
705 481 725 529 o
743 469 776 529 et
794 483 816 528 n
836 466 1063 550 conplectitur:

55 546 198 632 undique
221 549 348 614 abscisa
370 552 403 614 et
426 550 564 633 abrupta
591 551 707 615 semita
729 559 927 637 perangusta
949 554 1064 620 aditur.

54 636 95 701 In
124 636 231 701 medio
258 637 442 702 altitudinis
471 639 579 722 spatio
605 638 705 703 habet
732 661 877 723 specum,
909 642 998 707 euius
1027 653 1100 707 ose

55 727 165 789 artum
183 727 216 789 et
233 725 406 790 obscurum
421 729 482 810 est,
504 727 663 809 paulatim
682 727 796 792 deinde
814 729 969 793 ulteriora
986 751 1064 813 pan-

55 812 190 892 duntur,
216 813 332 878 ultima
359 813 457 879 etiam
486 815 570 879 altos
598 835 741 880 recessus
768 816 898 880 habent
943 815 1063 883 Fontes

54 921 114 983 per
144 904 251 966 totum
281 901 349 965 fere
381 922 511 984 specum
533 906 693 987 emanant,
726 925 743 968 e
776 903 893 987 quibus
925 905 1064 970 collatae

55 1009 248 1141 eltnae:
263 990 680 1160 :detestabile
693 990 1099 1161 {tituliadelalff

54 1164 188 1229 incessit
206 1164 313 1229 animo
332 1168 482 1229 naturam
500 1187 627 1249 quoquc
640 1165 808 1250 fatigandi.
844 1167 939 1231 Prius
953 1171 1064 1231 tamen
1082 1177 1099 1228 ὅ

54 1272 153 1334 quam
166 1251 332 1316 fortunam
346 1253 524 1318 obsidionis
538 1255 745 1338 experiretur,
764 1252 898 1338 Cophen
914 1289 952 1300 -
969 1257 1064 1319 Arta-

54 1338 128 1405 bazi
146 1339 200 1405 hic
217 1339 303 1404 filius
322 1344 393 1404 erat
412 1376 452 1387 -
470 1342 562 1405 misit
580 1342 621 1405 ad
638 1342 809 1424 barbaros,
831 1343 886 1425 qui
905 1343 1063 1426 suaderet,

54 1431 92 1491 ut
124 1426 276 1491 dederent
306 1449 428 1511 rupem
482 1427 650 1493 Arimazes
682 1431 755 1494 loco
790 1429 893 1494 fretus
926 1430 1064 1513 superbe

54 1514 160 1579 multa
188 1516 368 1598 respondit,
398 1515 440 1580 ad
470 1517 635 1599 ultimum,
668 1538 709 1580 an
739 1517 924 1582 Alexander
954 1518 1063 1582 volare

53 1605 179 1686 posset,
201 1603 390 1688 interrogat.
436 1603 525 1679 Quae
547 1605 698 1669 nuntiata
719 1605 790 1688 regi
818 1605 865 1669 sic
892 1606 1063 1670 accendere
1082 1615 1098 1664 e

52 1690 208 1773 animum,
230 1694 268 1755 nt
290 1691 455 1774 adhibitis,
478 1713 550 1756 cum
573 1692 690 1776 quibus
713 1693 897 1757 consultare
920 1696 990 1755 erat
1013 1713 1063 1757 so-

54 1778 153 1862 litus,
183 1778 344 1843 indicaret
374 1779 582 1844 insolentiam
613 1780 744 1845 barbari
775 1779 934 1844 eludentis
965 1781 1063 1863 ipsos,

54 1867 133 1950 quia
159 1866 275 1949 pinnas
301 1887 369 1932 non
395 1867 566 1931 haberent:
598 1889 632 1932 se
659 1871 768 1932 autem
794 1867 943 1952 proxima
969 1869 1063 1931 nocte

55 1954 256 2038 effecturum,
273 1958 310 2019 ut
329 1954 473 2020 crederet
486 1953 677 2020 Macedones
697 1956 793 2020 etiam
812 1956 931 2020 volare.
968 1952 1063 2037 ‘ccc',
1083 1965 1098 2014 7

55 2041 176 2127 inquit,
204 2040 456 2126 ‘pernicissimos
483 2043 615 2108 iuvenes
641 2064 681 2107 ex
709 2043 774 2107 suis
803 2043 937 2126 quisque
960 2042 1062 2124 copiis

54 2130 221 2213 perducite
243 2130 286 2195 ad
304 2153 367 2209 me,
391 2131 447 2214 qui
469 2152 527 2214 per
549 2131 648 2195 calles
667 2133 700 2195 et
722 2152 823 2214 paene
841 2131 947 2194 invias
965 2150 1062 2212 rupes

55 2217 144 2283 domi
170 2239 288 2301 pecora
315 2239 411 2303 agere
434 2217 686 2283 consueverant.²
726 2218 780 2282 Illi
802 2221 1006 2302 praestantes
1030 2220 1098 2281 et8

54 2304 189 2372 levitate
212 2327 381 2389 corporum
404 2309 437 2370 et
460 2307 574 2371 ardore
597 2307 778 2371 animorum
806 2309 936 2370 strenue
965 2304 1062 2369 addu-

56 2397 142 2459 cunt.
188 2391 274 2469 Quos
297 2395 428 2459 intuens
451 2415 522 2476 rex,
546 2392 756 2476 ‘Vobiscum',
777 2394 897 2476 inquit,
921 2391 953 2458 ‘o
976 2393 1063 2457 iuve-

54 2503 112 2546 nes
136 2485 170 2545 et
191 2481 255 2545 mei
274 2482 438 2566 aequales,
460 2482 590 2546 urbium
611 2478 806 2546 invictarum
825 2489 901 2544 ante
923 2501 975 2544 me
994 2500 1062 2543 rnu-

54 2570 201 2634 nimenta
222 2569 386 2653 superavi,
413 2570 574 2634 montium
596 2569 673 2652 iuga
695 2569 827 2651 perenni
849 2568 922 2631 nive
946 2566 1063 2630 obruta

55 2678 205 2723 emensus
229 2679 316 2739 snm,
345 2657 512 2741 angustias
535 2655 669 2722 Ciliciae
696 2656 829 2737 intravi,
855 2653 968 2717 Indiae
993 2654 1063 2717 sine

54 2745 247 2810 lassitudine
269 2746 335 2831 vim
356 2744 489 2830 frigoris
513 2765 584 2809 sum
602 2764 781 2827 perpessus.
821 2741 866 2806 Et
884 2741 948 2804 mei
967 2742 1062 2806 docu-
1080 2753 1097 2802 9

55 2838 165 2899 menta
182 2833 275 2899 vobis
299 2832 372 2897 dedi
394 2838 428 2898 et
449 2837 560 2897 vestra
577 2832 690 2896 habeo.
731 2829 840 2912 Petra,
864 2851 960 2913 quam
978 2828 1064 2893 vide·

54 2923 108 3005 tis,
127 2943 227 2986 unum
245 2919 367 2985 aditum
386 2921 494 3004 habet,
511 2941 608 3005 quem
625 2919 756 2984 barbari
775 2918 937 2983 obsident:
957 2920 1064 2982 cetera

54 3011 242 3095 neglegunt,
259 3009 367 3073 nullae
384 3009 517 3093 vigiliae
536 3012 624 3092 sunt,
643 3007 708 3072 nisi
725 3028 808 3090 quae
824 3009 933 3071 castra
950 3008 1064 3070 nostra

55 3102 212 3182 spectant
256 3095 432 3162 Invenietis
454 3097 554 3179 viam,
579 3097 608 3160 si
630 3096 780 3160 sollerter
802 3094 913 3159 rimati
934 3093 1062 3158 fueritis
1083 3104 1116 3153 10

55 3186 163 3251 aditus
189 3185 329 3250 ferentes
357 3184 398 3249 ad
425 3205 586 3249 cacumen.
635 3182 727 3249 Nihil
753 3188 823 3249 tam
853 3183 919 3248 alte
946 3185 1064 3246 natura

55 3273 239 3355 constituit,
270 3294 333 3356 quo
359 3272 463 3337 virtus
490 3293 556 3337 non
581 3271 686 3355 possit
713 3271 800 3336 eniti.
849 3269 1063 3353 Experiendo,

54 3383 138 3446 qnae
153 3361 254 3427 ceteri
272 3360 523 3445 desperaverint,
540 3359 656 3425 Asiam
673 3359 830 3424 habemus
844 3359 879 3422 in
892 3359 1063 3441 potestate.

53 3449 193 3518 Evadite
210 3449 245 3514 in
263 3469 427 3515 cacumen:
446 3448 531 3533 quod
550 3469 622 3513 cum
640 3448 801 3532 ceperitis,
819 3444 963 3510 candidis
982 3442 1063 3537 velis
1083 3453 1118 3500 rt

54 3539 185 3624 signum
213 3536 294 3602 mihi
322 3536 456 3623 dabitis,
487 3555 551 3624 ego
579 3535 688 3623 copiis
712 3535 864 3601 admotu
878 3531 1031 3590 *coenem
1049 3541 1098 3578 m
