2356 3846
227 158 481 216 maronianum
498 160 713 217 ALEXANDRI
730 163 783 229 111,
803 169 844 219 12.
865 169 914 218 1³.¹
1027 161 1069 226 27

25 301 29 307 ’
56 301 281 369 Parmenionis
304 304 447 368 animum
468 305 602 369 insidias
624 307 768 372 timentis
792 310 825 372 et
844 307 993 392 ignotum
1009 307 1071 371 iter

58 391 131 456 sine
154 391 233 456 duce
259 413 326 456 non
349 392 488 457 audebat
509 392 645 478 ingredi.
680 394 840 460 Felicitati
861 399 971 459 tamen
984 396 1070 479 rogis

57 480 110 543 sni
133 479 273 544 confisus
295 484 452 566 agrestes,
479 482 534 565 qui
557 482 653 546 duces
674 484 799 548 itineris
823 486 944 565 essent,
967 484 1071 566 excipi

55 567 163 632 iussit
207 566 329 643 Quibus
356 570 501 634 celeriter
526 571 660 654 repertis
684 575 800 655 quarto
823 572 873 634 die
896 571 937 634 ad
958 572 1071 635 urbem

57 655 208 739 parvenit
233 656 298 720 iam
320 661 482 722 metuente
504 659 679 742 praefecto,
710 680 752 722 ne
775 659 836 723 sibi
858 659 936 722 fides
958 659 1070 722 habita

57 764 128 808 non
163 748 256 809 esset.
309 745 414 829 Igitur
448 746 540 829 quasi
574 768 689 831 parum
720 747 927 812 munimentis
962 747 1105 830 oppidi⁶

57 831 162 896 fidens
189 836 265 896 autc
293 834 371 898 solis
398 837 505 899 ortum
531 835 700 918 pecuniam
727 835 851 920 regiam
882 870 926 879 -
957 854 1071 918 gazam

57 918 176 984 Persae
198 925 316 985 vocant
328 958 372 971 -
385 943 458 986 cum
476 922 715 1005 pretiosissimis
734 944 841 987 rerum
855 922 960 985 efferri
973 922 1071 1004 iubet,

56 1007 172 1092 fugam
203 1009 371 1091 simulans,
402 1030 437 1073 re
464 1030 552 1093 vera,
580 1017 618 1074 ut
645 1011 799 1094 praedam
826 1010 913 1074 hosti
935 1009 1071 1074 offerret.

10 1097 49 1163 34
58 1094 165 1160 Multa
186 1097 276 1161 milia
297 1098 438 1162 virorum
457 1097 711 1182 feminarumque
729 1097 934 1162 excedentem
952 1097 1071 1181 oppido
1090 1101 1106 1150 θ

59 1185 289 1269 sequebantur,
318 1186 467 1250 omnibus
494 1187 686 1250 miserabilis
713 1187 810 1250 turba
836 1190 963 1268 praeter
990 1206 1072 1267 eum,

59 1273 150 1337 cuius
177 1272 253 1337 fidei
279 1275 450 1338 commissa
477 1277 554 1338 erat.
599 1274 724 1358 Quippe
754 1295 816 1356 quo
840 1274 943 1337 maior
965 1271 1072 1355 prodi-

58 1360 158 1426 tionis
188 1382 309 1426 merces
338 1361 436 1444 foret,
467 1363 593 1426 obicere
621 1361 708 1426 hosti
734 1361 871 1445 parabat
898 1361 1072 1444 gratiorem

59 1448 150 1514 omni
172 1451 309 1533 pecunia
331 1449 491 1533 praedam,
513 1449 638 1514 nobiles
658 1450 753 1530 viros,
776 1452 960 1532 praetorum
974 1446 1072 1512 Darei

59 1537 214 1621 coniuges
235 1538 425 1620 liberosque,
446 1540 574 1620 praeter
590 1537 650 1601 hos
669 1535 864 1601 Graecarum
882 1536 1010 1600 urbium
1028 1537 1072 1599 le·

59 1628 169 1709 gatos,
190 1647 272 1711 quos
294 1625 431 1707 Dareus,
454 1625 598 1690 velutin
621 1644 693 1688 arce
713 1625 886 1707 tutissima,
908 1624 943 1687 in
965 1623 1071 1708 prodi·

59 1713 140 1777 toris
162 1713 335 1798 reliquerat
355 1713 513 1778 manibus.
548 1711 723 1797 Gaugabas
737 1710 854 1775 Persae
876 1715 992 1775 vocant
1014 1711 1106 1775 hu·⁷

60 1801 157 1864 meris
185 1821 283 1866 onera
309 1803 490 1885 portantes:
526 1800 562 1863 hi
588 1821 661 1864 oum
687 1799 817 1864 bicrncrfl
840 1799 977 1862 tolerare
1004 1820 1072 1862 non
1121 1868 1124 1874 ,

59 1892 195 1972 possent
218 1925 259 1937 -
283 1889 400 1972 quippe
426 1889 567 1972 procella
594 1887 701 1952 subito
727 1887 835 1951 nivem
862 1885 1018 1950 effuderat
1039 1889 1073 1949 et

59 1976 178 2040 liumus
199 1977 326 2063 rigebat
348 1977 422 2062 gelu
442 1981 514 2040 tum
536 1976 692 2042 adstricta
706 1977 876 2057 -vestes,
898 1995 978 2057 quas
999 1994 1071 2038 cum

59 2065 198 2148 pecunia
223 2065 411 2149 portabant,
440 2085 519 2130 auro
546 2067 580 2128 et
602 2084 745 2147 purpura
765 2062 911 2147 insignes
933 2062 1073 2126 induunt

58 2153 150 2217 nullo
172 2152 341 2237 prohibere
363 2173 458 2234 auso,
481 2172 553 2216 cum
575 2150 708 2216 fortuna
728 2151 815 2234 regis
837 2150 935 2214 etiam
956 2150 1072 2214 humil-

58 2241 146 2304 limis
167 2241 203 2305 in
224 2241 331 2325 ipsum
353 2240 516 2305 licentiam
537 2239 666 2304 faceret.
703 2237 882 2302 Praebuere
900 2257 976 2322 ergo
994 2236 1072 2302 Par·
1090 2240 1106 2289 8

58 2328 203 2393 munioni
234 2349 302 2393 non
329 2327 501 2412 spernendi
527 2327 677 2413 agminis·
692 2326 838 2410 speciem.
883 2325 945 2402 Qui
966 2326 1071 2389 inten-

58 2418 143 2481 tiore
165 2430 257 2480 'cura
279 2437 368 2491 ⁴suos
408 2416 500 2500 quasi
538 2415 579 2479 ad
614 2416 734 2479 iustum
769 2414 926 2498 proelium
960 2415 1071 2497 paucis

58 2505 250 2569 adhortatus
272 2505 363 2590 equis
386 2503 523 2568 calcaria
543 2503 634 2568 iubet
655 2502 790 2567 subdere
813 2505 847 2566 et
864 2500 931 2565 acri
948 2501 1071 2584 impetu

57 2593 95 2658 in
113 2592 241 2656 hostem
259 2592 360 2657 evehi.
396 2592 440 2656 At
457 2592 514 2673 illi,
536 2592 607 2676 quis
626 2591 685 2654 sub
705 2589 855 2655 oneribus
868 2592 962 2652 crant
976 2590 1070 2652 omis·
1090 2589 1106 2638 ⁹
1129 2584 1132 2590 ’

58 2680 119 2764 sis,
141 2702 200 2764 por
221 2684 343 2746 metum
366 2682 538 2763 capessunt
558 2679 684 2763 fugam:
715 2677 831 2741 armati
854 2697 994 2760 quoque,
1017 2677 1071 2760 qui

58 2790 115 2834 eos
137 2769 423 2854 prosequebantur,
445 2765 557 2832 eodem
579 2769 668 2830 metu
691 2786 780 2828 arma
799 2765 919 2828 iactare
938 2784 975 2828 ac
993 2768 1071 2828 nota

58 2857 255 2922 deverticula
277 2860 385 2940 petere
408 2857 589 2939 coeperunt.
625 2853 819 2933 Praefectus,
841 2852 1123 2936 quasietipsc1⁰

57 2946 263 3029 conterritus,
285 2944 440 3009 simulans
462 2946 578 3007 cuncta
598 2961 717 3026 pavore
738 2940 949 3023 conpleverat.
985 2939 1070 3004 Iace-

57 3035 140 3099 bant
165 3034 243 3098 totis
271 3032 392 3115 campis
420 3051 496 3115 opes
524 3031 644 3114 regiae,
674 3030 731 3093 illa
752 3027 888 3110 pecunia
911 3028 1070 3111 stipendio

56 3122 185 3206 ingenti
216 3121 355 3185 militum
384 3121 589 3203 praeparata,
624 3118 678 3181 ille
707 3117 810 3180 cultus
837 3118 888 3180 tot
913 3115 1070 3180 nobilium

56 3211 215 3292 virorum,
243 3212 293 3273 tot
314 3208 488 3271 illustrium
510 3206 716 3288 feminarum,
746 3224 842 3267 aurea
864 3225 955 3284 vasa,
982 3204 1071 3267 aurei
1090 3204 1121 3252 11

55 3297 159 3380 freni„
173 3296 380 3361 tabernacula
399 3295 501 3380 regali
520 3292 760 3378 magnificentia
778 3295 900 3373 ornata,
922 3290 1069 3355 vehicula

58 3405 187 3471 quoque
223 3405 243 3448 a
276 3384 342 3447 suis
375 3383 543 3465 destituta,
578 3379 720 3466 ingentis
752 3380 933 3462 opulentiae
965 3379 1070 3463 plena,

55 3473 156 3539 facies
179 3472 277 3536 etiam
298 3470 527 3555 praedantibus
549 3469 667 3550 tristis,
693 3469 721 3531 si
743 3488 806 3553 qua
828 3488 879 3531 res
903 3467 1070 3531 avaritiam

55 3563 245 3627 moraretur.
291 3558 416 3644 Quippe
438 3562 491 3626 tot
519 3578 683 3624 annorum
707 3555 899 3620 incredibili
923 3558 963 3614 et
983 3553 1095 3610 “num
