2356 3846
258 163 514 220 HISTORIARUM
531 163 747 219 ALEXANDRI
766 163 813 226 Vl,
834 171 874 218 11.
988 163 1064 229 ·145

55 314 164 376 autom
188 312 222 374 et
243 306 396 374 Craterus
420 313 454 373 et
475 306 602 374 Coenus
625 309 798 374 tormentis
822 310 991 375 veritatem
1013 332 1064 373 ex-

53 397 259 484 primendam
290 419 361 462 esse
390 397 541 462 dixerunt
572 400 605 461 ot
636 398 686 461 illi
719 418 859 481 quoque,
892 397 946 481 qui
979 398 1065 463 aliud

54 490 238 569 suaserant,
263 486 298 550 in
325 486 440 550 horum
469 486 662 551 sententiam
689 489 869 551 transeunt.
920 483 1064 552 Consilio
1086 499 1116 546 11

56 595 136 659 orgo
164 574 298 640 dimisso
321 573 544 657 Hephaestion
573 594 644 638 cum
668 571 802 639 Cratero
831 579 864 639 et
887 571 997 640 Coeno
1025 575 1066 639 ad

55 663 278 747 quaestionem
305 663 343 727 de
370 660 503 726 Philota
529 662 711 726 habendam
742 668 948 747 consurgunt.
997 663 1066 728 Rex
1087 673 1118 722 11

56 750 192 816 Cratero
212 751 367 817 accersito
387 755 420 814 et
438 770 587 815 sermone
605 750 727 834 habito,
745 751 835 815 cuius
855 773 981 815 summa
999 773 1066 816 non

56 840 143 904 edita
166 843 224 921 est,
247 840 281 903 in
299 839 450 904 intimam
468 837 643 903 deversorii
660 843 788 922 partem
812 840 945 904 secessit
969 845 1002 904 et
1019 863 1067 904 re·

55 928 156 992 motis
179 928 311 992 arbitris
334 928 366 991 in
390 927 528 991 multam
548 929 678 992 noctem
699 927 899 1010 quaestionis
919 931 1066 1010 expecta-

56 1017 105 1081 vit
132 1018 290 1080 eventum.
335 1013 488 1080 Tortores
516 1016 550 1079 in
578 1019 752 1098 conspectu
777 1015 926 1080 Philotae
957 1016 1067 1080 omnia
1088 1026 1119 1075 13

56 1103 258 1170 crudelitatis
276 1105 493 1168 instrumenta
505 1108 698 1187 proponunt.
729 1103 775 1168 nt
788 1104 845 1168 ille
859 1105 956 1187 ultro,
971 1104 1067 1180 ‘Quid
1087 1114 1121 1162 14

56 1191 213 1277 cessatis',
243 1192 363 1276 inquit,
393 1190 491 1275 ‘regis
518 1191 698 1275 inimicum,
730 1192 969 1257 interfectorem
996 1215 1068 1256 con·

55 1282 203 1347 fitentem
222 1279 388 1345 occidere?
412 1280 489 1363 quid
512 1281 699 1364 quaestione
722 1303 803 1364 opus
823 1280 894 1344 est?
918 1281 1068 1366 cogitavi,

56 1367 168 1434 volui'.
205 1365 365 1433 Craterus
384 1370 522 1451 exigere,
544 1373 589 1452 ut,
612 1390 695 1453 quae
713 1369 928 1452 eonfiteretur,
951 1370 985 1432 in
1003 1373 1068 1433 tor-

57 1457 177 1522 mentis
201 1478 327 1540 quoque
349 1456 479 1521 diceret.
524 1456 610 1520 Dum
632 1457 812 1540 corripitur,
836 1459 894 1537 [et]
919 1457 995 1520 dnm
1014 1457 1068 1521 ob·
1088 1467 1121 1515 15

56 1547 203 1631 ligantur
230 1545 328 1623 oculi,
351 1545 428 1609 dum
450 1545 551 1609 vestis
575 1545 713 1627 exuitur,
736 1546 812 1609 deos
835 1545 969 1628 patrios,
992 1567 1068 1630 gen-

19 1666 23 1670 ·
56 1636 142 1699 tium
172 1634 245 1698 iura
276 1633 472 1716 nequiquam
504 1631 590 1716 apud
621 1633 735 1697 surdas
767 1654 860 1697 aures
887 1633 1068 1698 invocabat.

56 1722 121 1786 Per
143 1721 277 1786 ultimos
300 1721 414 1785 deinde
437 1722 611 1804 cruciatus,
640 1723 761 1804 utpote¹
781 1724 814 1784 et
838 1721 1009 1786 damnatus
1036 1726 1069 1785 et

57 1809 198 1876 inimicis
213 1809 255 1873 in
278 1809 418 1893 gratiam
441 1808 529 1892 regis
552 1808 789 1893 torquentibus,
812 1808 979 1873 laceratur.
1020 1809 1069 1874 Aa
1090 1822 1122 1869 re

56 1899 164 1983 primo
180 1918 374 1981 quamquam
391 1897 467 1961 hinc
485 1896 581 1980 ignis,
600 1897 690 1961 illine
707 1898 843 1961 verbera
860 1897 926 1961 iam
944 1919 1009 1961 non
1028 1898 1069 1961 ad

58 1986 290 2072 quaestionem,
313 1986 369 2050 sed
390 1985 430 2049 ad
448 2007 585 2068 poenam
609 1985 849 2069 ingerebantur,
872 2005 938 2050 non
956 2007 1068 2049 vocem

57 2075 166 2158 modo,
185 2074 241 2140 sed
259 2074 358 2138 etiam
375 2075 515 2158 gemitus
533 2073 649 2138 habuit
662 2073 696 2138 in
713 2075 890 2156 potestate:
910 2073 967 2137 sed
982 2078 1069 2156 post·
1090 2086 1121 2134 11

58 2185 159 2248 quam
185 2163 400 2227 intumescens
426 2182 542 2244 eorpus
569 2161 728 2226 ulceribus
754 2161 957 2246 flagellorum
985 2163 1069 2226 ictus

56 2251 154 2316 nudis
182 2251 308 2315 ossibus
331 2250 477 2314 incussos
500 2249 566 2313 fere
589 2271 655 2313 non
677 2253 821 2333 poterat,
848 2250 877 2314 si
898 2251 1070 2314 tormentis

58 2338 238 2406 adhibituri
261 2336 394 2403 modum
418 2341 536 2420 essent,
558 2337 719 2410 dicturum
740 2359 784 2420 se,
807 2359 889 2421 quae
913 2338 995 2402 scire
1019 2360 1069 2401 ex·

57 2431 219 2512 peterent,
241 2426 422 2509 pollicetur.
467 2422 530 2490 Sed
548 2426 644 2490 finem
664 2425 845 2508 quaestioni
864 2425 941 2508 fore,
964 2426 1070 2490 iurare

59 2538 115 2582 eos
145 2535 203 2600 per
229 2512 405 2579 Alexandri
432 2514 569 2577 salutem
596 2514 726 2579 volebat
752 2514 974 2598 removerique
1005 2518 1070 2578 tor·

58 2608 157 2669 tores.
205 2602 250 2666 Et
281 2605 419 2685 utroque
450 2602 625 2686 inpetrato,
656 2598 821 2683 ‘Oratere’,
848 2601 967 2683 inquit,
1001 2600 1071 2685 ‘dia
1092 2621 1123 2670 18

60 2691 139 2777 quid
167 2712 218 2755 me
241 2691 322 2755 velis
345 2689 471 2754 dicere'.
515 2689 577 2754 Illo
601 2688 793 2772 indignante
815 2689 975 2753 ludificari
997 2711 1070 2753 eum
1092 2711 1123 2760 11

58 2800 235 2863 rursusque
271 2781 442 2843 revocante
479 2781 618 2844 tortores
650 2781 778 2860 tempus
814 2781 923 2860 petere
956 2779 1072 2861 coepit,

60 2868 138 2932 dum
152 2867 309 2950 reciperet
323 2866 483 2949 spiritum,
496 2870 626 2950 'cuneta
645 2886 726 2949 quae
740 2865 847 2947 sciret,
865 2864 1072 2932 indicaturus.

59 2956 198 3022 Interim
213 2956 347 3039 equites,
363 2954 587 3019 nobilissimus
602 2955 737 3038 quisque
756 2957 790 3018 et
807 2953 831 3018 ii
849 2954 996 3038 maxime,
1015 2955 1073 3039 qui
1091 2976 1124 3024 ao

60 3043 310 3110 Parmenionem
328 3043 511 3127 propinqua
529 3043 722 3127 cognatione
746 3042 963 3126 contingebat,
985 3046 1073 3126 post-

60 3154 159 3218 quam
177 3131 332 3198 Philotan
350 3132 494 3215 torqueri
516 3132 605 3196 fama
623 3131 823 3214 vulgaverat,
844 3132 951 3215 legem
968 3129 1073 3195 Mace·

60 3222 182 3286 donum
204 3220 316 3303 veriti,
344 3241 407 3303 qua
429 3224 559 3284 cautum
584 3224 666 3304 erat,
693 3223 731 3282 ut
756 3219 930 3303 propinqui
953 3241 1073 3296 eorum,

61 3309 118 3393 qni
136 3309 207 3394 regi
230 3307 377 3375 insidiati
397 3312 514 3391 essent,
538 3329 610 3372 cum
633 3308 713 3391 ipsis
736 3312 936 3390 necarentur,
959 3308 1016 3372 alii
1039 3328 1073 3371 se

60 3397 273 3491 interficiunt,
291 3397 348 3461 alii
365 3396 400 3460 in
418 3396 528 3461 devios
546 3400 673 3461 montes
692 3402 863 3480 vastasque
879 3395 1072 3462 solitudines

59 3485 339 3570 fugiuntingenti
361 3506 420 3568 per
441 3489 514 3550 tota
541 3488 648 3550 castra
670 3490 794 3551 terrore
817 3484 947 3565 diffuso,
973 3484 1076 3546 donee

60 3596 118 3640 rex
132 3574 276 3638 tumultu
291 3573 422 3659 cognito
435 3574 543 3662 legem
558 3595 594 3641 se
608 3575 647 3643 de
658 3573 827 3659 suqqlic'm
841 3571 1109 3634 eudemum

110 3686 202 3727 curtina
213 3686 294 3729 Rufus.
917 3669 960 3715 m
