2356 3846
253 167 509 224 HISTORIARUM
525 167 743 223 ALEXANDRI
761 168 822 239 VII,
842 175 866 223 1.
1002 167 1066 234 149

58 315 164 398 magis
195 335 292 397 quam
324 313 450 377 crimini
481 313 588 377 fuerat
620 317 801 396 exemptus:
837 317 908 378 tum
940 325 1101 398 quoquot

58 403 227 486 Antipatri
250 402 353 466 soceri
381 402 449 466 eius
472 422 583 484 preces
605 401 726 466 iustam
748 403 834 487 regis
857 403 941 467 iram
963 424 1067 468 mora·

57 493 186 557 bantur.
235 487 387 555 Ceterum
409 490 573 554 recruduit
596 493 790 573 suppuratus
814 491 919 556 dolor:
949 492 1067 576 quippe

58 579 178 644 veteris
200 578 334 663 periculi
356 578 546 642 memoriam
574 580 753 660 praesentis
781 601 857 642 cura
881 580 1068 646 renovabat.

57 667 164 752 Igitur
181 666 366 731 Alexander
384 687 423 730 11
442 665 587 730 custodia
606 666 750 731 educitur
768 668 935 752 iussusque
955 669 1068 751 dicere,
1086 680 1102 729 8

57 776 252 839 quamquam
280 757 352 818 toto
378 754 517 819 triennio
546 755 721 819 meditatus
750 758 819 819 erat
843 756 1069 840 defensionem,

58 849 168 908 tamen
191 842 357 907 haesitans
380 847 414 908 11
440 842 586 926 trepidus
613 864 717 925 pauca
741 864 779 907 11
805 843 862 926 111,
890 865 972 928 quae
995 865 1068 909 con·

58 935 228 1015 posuerat,
252 930 401 1015 protulit,
430 931 469 996 ad
497 931 647 995 ultimum
673 953 738 996 uon
768 933 925 997 memoria
954 933 1068 1015 solum,

58 1020 115 1084 sed
135 1020 233 1084 etiam
251 1041 342 1084 mens
362 1040 435 1084 cum
449 1019 606 1084 destituit.
641 1017 733 1084 Nulli
748 1023 818 1084 erat
830 1021 971 1104 dubium,
991 1020 1069 1103 quin
1086 1035 1103 1085 1

57 1108 233 1191 trepidatio
260 1107 473 1172 conscientiae
500 1108 653 1172 indicium
682 1112 779 1187 esset,
807 1131 871 1172 non
894 1109 1068 1173 memoriae

57 1197 184 1260 vitium.
227 1194 343 1279 Itaque
366 1217 404 1259 11
430 1195 496 1278 his,
527 1195 583 1280 qui
610 1196 750 1280 proximi
779 1197 985 1279 adstiterunt,
1014 1197 1068 1261 ob·

19 1286 235 1351 Pluetantem
259 1283 363 1348 adhuc
387 1285 543 1349 oblivioni
565 1285 684 1349 lanceis
708 1284 927 1350 confoderunt.
968 1283 1069 1350 Cuius
1088 1299 1122 1349 1ο

58 1394 193 1456 1111111
216 1371 325 1436 ablato
348 1394 405 1436 rex
427 1373 589 1437 introduci
613 1373 710 1437 iussit
731 1373 909 1456 Amyntam
932 1376 965 1437 et
987 1371 1070 1438 sim·

58 1461 174 1524 miam:
211 1481 288 1524 nam
324 1459 495 1544 Polemon,
526 1460 679 1524 minimus
716 1483 754 1525 11
789 1460 960 1545 fratribus,
996 1484 1068 1526 cum

57 1548 214 1614 Philotan
245 1549 391 1632 torqueri
423 1549 634 1631 conperisset,
666 1549 864 1633 profugerat.
918 1549 1069 1615 Omnium
1089 1565 1121 1615 11

57 1637 208 1702 Philotae
231 1637 408 1701 amicorum
430 1636 465 1700 hi
488 1637 649 1701 carissimi
671 1636 811 1719 fuerant,
834 1637 874 1701 ad
898 1658 1018 1722 magna
1036 1642 1070 1703 11

57 1726 220 1790 honorata
248 1724 428 1789 ministeria
455 1724 543 1788 illius
571 1725 709 1788 maxime
738 1725 969 1809 suffragatione
995 1747 1070 1809 pro·

58 1814 161 1878 ducti:
194 1813 447 1895 memineratque
474 1834 544 1895 rex,
577 1833 702 1877 summo
731 1813 837 1877 studio
866 1813 906 1878 ab
935 1835 972 1878 eo
996 1835 1070 1878 con-

58 1901 188 1966 ciliatos
208 1901 279 1966 sibi.
315 1898 347 1964 N
349 1922 384 1965 eo
400 1899 571 1965 dubitabat
584 1901 694 1985 igitur,
711 1899 806 1966 huius
822 1922 948 1985 quoque
963 1902 1070 1966 ultimi

58 1989 187 2055 consilii
201 1989 300 2054 fuisse
314 1989 503 2072 participes:
521 1990 597 2053 olim
612 1989 674 2053 sibi
689 2009 759 2054 1111
773 1993 941 2073 suspectos
956 1989 1069 2054 matris
1090 2006 1122 2054 11

59 2100 135 2143 suae
158 2078 293 2154 litteris,
317 2078 432 2161 quibus
456 2080 543 2142 11111
566 2077 764 2160 admonitus,
786 2082 823 2142 ut
847 2078 963 2143 abhis
987 2078 1070 2143 salu·

57 2172 126 2232 tem
149 2187 242 2231 suam
264 2168 421 2230 tueretur:
444 2168 585 2230 ceterum
609 2186 642 2229 se
664 2165 803 2230 invitum
826 2166 986 2231 deteriora
1004 2188 1069 2231 cre-

58 2256 189 2320 dentem
206 2274 291 2318 nunc
308 2252 490 2317 manifestis
513 2253 638 2317 indiciis
657 2253 778 2317 victum
796 2253 927 2318 iussisse
946 2255 1069 2320 vinciri.

57 2343 145 2409 Nam
172 2342 291 2426 pridie,
319 2363 417 2425 quam
445 2341 648 2426 detegeretur
672 2340 819 2406 Philotae
848 2343 964 2426 scelus,
992 2345 1070 2426 quin
1089 2361 1123 2410 13

57 2433 94 2496 in
117 2433 240 2496 secreto
264 2452 337 2495 cum
361 2451 399 2494 eo
422 2429 573 2512 fuissent,
595 2451 661 2495 non
684 2450 780 2512 posse
804 2430 953 2495 dubitari.
993 2430 1069 2495 Fra-

57 2524 143 2584 trem
162 2540 248 2602 1111,
266 2519 321 2602 qui
340 2517 529 2602 profugerit,
552 2539 625 2581 cum
648 2518 686 2581 de
704 2517 836 2582 Philota
854 2522 1070 2603 quaereretur,

58 2608 225 2692 aperuisse
242 2606 339 2691 fugae
358 2627 496 2671 causam.
528 2605 640 2688 Nuper
658 2609 787 2688 praeter
805 2607 1070 2672 consuetudinem
1088 2624 1123 2673 14

59 2696 159 2762 officii
192 2695 297 2778 specie
328 2694 446 2759 amotis
469 2694 598 2778 longius
617 2694 733 2758 ceteris
752 2695 932 2759 admovisse
956 2699 1070 2760 semet-

57 2786 149 2868 ipsos
167 2784 262 2848 lateri
281 2804 339 2848 suo
360 2783 449 2847 nulla
462 2782 625 2866 probabili
643 2802 752 2846 causa:
772 2804 868 2866 seque
886 2783 1069 2868 mirantem,

59 2873 145 2957 quod
176 2893 243 2936 non
271 2873 339 2936 vice
367 2894 426 2936 sua
457 2871 517 2962 tali
544 2871 756 2955 fungerentur
784 2871 905 2955 officio,
937 2875 970 2935 et
997 2872 1069 2954 ipsa

58 2960 274 3045 trepidatione
302 2982 412 3025 eorum
435 2960 640 3043 perterritum
665 2964 794 3023 strenue
818 2959 858 3023 ad
882 2961 1070 3045 armigeros,

59 3050 116 3134 qui
133 3049 279 3133 proxime
294 3047 520 3131 sequebantur,
538 3047 717 3112 recessisse.
748 3047 800 3112 Ad
814 3047 894 3112 haec
909 3049 1068 3132 accedere,
1088 3067 1122 3118 11

60 3138 160 3222 quod,
183 3159 255 3202 cum
278 3136 497 3220 Antiphanes,
520 3136 627 3200 scriba
650 3135 809 3218 equitum,
831 3136 994 3220 Amyntae
1018 3137 1069 3202 de·

59 3227 257 3307 nuntiasset,
284 3224 389 3308 pridie
417 3245 512 3307 quam
535 3223 684 3288 Philotae
708 3224 812 3289 scelus
835 3225 1069 3314 deprehensum

61 3317 159 3396 esset,
190 3317 228 3378 ut
259 3334 298 3377 11
330 3313 396 3377 suis
429 3312 519 3396 equis
552 3333 641 3377 more
669 3313 767 3376 solito
796 3312 887 3378 daret
914 3313 982 3397 his,
1014 3314 1070 3397 qui

67 3402 245 3467 amisissent
271 3416 385 3486 equoe,
421 3402 557 3484 superbe
589 3401 820 3485 respondisset,
848 3402 912 3466 nisi
940 3402 1068 3487 incepto

75 3491 241 3568 {asisteret
259 3490 350 3554 brevi
369 3490 535 3574 sciturum,
553 3489 625 3572 quis
639 3490 709 3572 ipse
724 3492 816 3553 esset.
853 3489 1074 3567 lamlinquae
1089 3509 1131 3549 aa

75 3578 247 3644 dolentiam
276 3579 562 3667 temeritatemque
584 3578 785 3662 uerborum,
809 3576 964 3657 111111
979 3572 1103 3627 semem·
