2356 3846
242 195 498 254 HISTORIARUM
516 197 730 253 ALEXANDRI
748 197 837 269 VIIII,
857 203 881 253 1.
1006 199 1070 262 227

59 343 227 428 copiarum
245 342 340 408 duces
359 342 488 408 coronis
507 346 540 407 ct
561 342 650 407 mille
669 343 774 408 aureis
793 343 939 430 singulos
960 345 1072 409 donat:

58 432 175 498 ceteris
197 452 324 516 quoque
346 453 405 516 pro
427 431 576 516 portione
595 435 652 497 aut
675 431 805 517 gradus,
830 455 924 517 quem
942 434 977 498 in
996 433 1072 498 ami·

58 521 138 586 citia
170 520 372 604 obtinebant,
404 524 461 585 aut
491 523 630 586 navatae
658 542 773 604 operae
803 519 907 587 honos
939 522 1072 587 habitus

59 612 118 674 est.
154 608 326 691 Abisares,
349 608 404 692 qui
424 609 529 694 prius,
552 631 648 694 quam
667 631 739 674 cum
753 608 837 674 Poro
856 611 1072 692 dimicaretur,
1092 620 1107 670 v

58 699 187 783 legatos
220 697 259 761 ad
292 696 514 762 Alexandrum
543 698 691 782 miserat,
723 719 834 762 rursus
869 699 949 764 alios
982 700 1073 764 misit

57 786 261 871 pollicentes,
278 786 388 851 omnia
405 785 576 868 facturum,
598 807 679 870 quae
698 787 899 871 imperasset,
917 788 1012 852 modo
1031 810 1071 851 ne

58 877 230 959 cogeretur
257 895 372 959 eorpus
401 896 494 939 suum
520 874 648 939 dedere:
677 897 781 958 neque
810 877 896 940 enim
919 880 975 940 aut
1003 877 1071 940 sine

57 963 150 1048 ragio
173 963 310 1046 imperio
329 963 489 1027 victurum
508 966 565 1028 aut
581 967 792 1048 regnaturum
812 985 881 1028 esse
900 963 1073 1047 captivum.

58 1049 120 1117 cui
152 1050 338 1116 Alexander
369 1051 514 1117 nuntiari
545 1052 653 1135 iussit,
685 1053 713 1116 si
745 1055 935 1136 gravaretur
966 1052 1005 1117 ad
1038 1062 1108 1117 se8

57 1139 183 1222 venire,
206 1139 313 1223 ipsum
337 1139 377 1205 ad
400 1161 474 1204 eum
498 1161 568 1205 esse
591 1144 772 1205 venturum.

25 1231 43 1296 2
148 1226 235 1293 Hine
264 1249 362 1311 porro
395 1249 489 1293 amne
521 1232 673 1311 superato
706 1229 746 1293 ad
777 1229 933 1294 interiora
960 1229 1072 1294 Indiae

57 1317 226 1402 prooessit.
271 1313 379 1381 Silvae
403 1320 496 1381 erant
519 1338 620 1400 prope
646 1317 681 1382 in
707 1318 902 1383 immensum
931 1318 1109 1401 spatiume

57 1405 195 1471 diffirsae
217 1406 423 1490 procerisque
446 1408 480 1469 et
508 1405 542 1468 in
568 1405 720 1470 eximiam
748 1406 952 1472 altitudinem
977 1407 1072 1471 editis

58 1492 230 1560 arboribus
257 1495 437 1559 umbrosae.
481 1492 630 1578 Plerique
652 1495 736 1560 rami
763 1495 868 1560 instar
890 1495 1072 1581 ingentium
1092 1504 1126 1554 10

57 1582 208 1666 stipitum
235 1582 310 1647 flexi
337 1582 371 1646 in
397 1581 532 1647 humum
553 1604 679 1665 rursus,
707 1604 771 1667 qua
794 1605 828 1647 se
851 1587 1074 1666 curvaverant,

58 1670 280 1756 erigebantur,
312 1671 391 1737 adeo
420 1674 459 1736 ut
488 1671 612 1754 species
639 1675 725 1736 essct
755 1693 822 1736 non
853 1673 937 1736 rami
969 1693 1074 1736 resur·

58 1761 183 1846 gentis,
213 1760 269 1824 sed
302 1759 426 1823 arboris
459 1781 498 1823 ex
530 1782 589 1825 sua
615 1759 723 1824 radice
754 1762 935 1844 generatae.
983 1758 1073 1824 (laeli
1092 1769 1124 1818 11

57 1848 234 1932 temperies
258 1848 410 1930 salubris,
435 1847 555 1932 quippe
574 1852 607 1913 et
629 1849 695 1912 vim
714 1848 792 1913 solis
810 1847 944 1913 umbrae
963 1848 1072 1912 levant

57 1940 94 2002 et
115 1957 217 2021 aquae
238 1937 330 2020 large
355 1939 490 2000 manant
513 1958 530 2000 e
552 1935 708 2002 fontibus.
744 1933 895 2002 Ceterum
917 1936 971 2001 hic
995 1947 1122 2020 quo-12

58 2047 123 2111 que
147 2025 344 2109 serpentium
362 2045 482 2110 magna
500 2025 549 2089 vis
568 2028 638 2090 crat
656 2025 798 2109 squamis
822 2024 984 2109 fulgorem
1002 2025 1074 2089 auri

58 2112 280 2180 reddentibus.
329 2112 428 2178 Virus
460 2111 546 2178 haud
574 2113 678 2178 ullum
710 2114 815 2198 magis
846 2114 979 2178 noxium
1010 2116 1072 2177 est:

58 2203 180 2289 quippe
203 2223 346 2266 morsum
369 2222 523 2285 praesens
551 2222 638 2266 mors
665 2201 873 2285 sequebatur,
901 2202 1001 2266 donec
1031 2202 1071 2266 ab

57 2291 177 2357 incolis
199 2290 376 2355 remedium
399 2289 546 2354 oblatum
566 2294 624 2354 est.
659 2289 745 2355 Hinc
767 2313 824 2373 per
848 2291 976 2355 deserta
996 2312 1071 2356 ven·

57 2384 131 2446 tum
158 2383 209 2444 est
235 2378 277 2444 ad
302 2377 423 2443 flumen
445 2377 627 2460 Hyarotim.
670 2377 821 2443 Iunctum
849 2383 919 2442 erat
948 2378 1073 2443 flumini
1093 2388 1126 2438 13

57 2489 187 2551 nemus,
215 2488 352 2551 opacum
379 2466 549 2531 arboribus
573 2465 652 2530 alibi
678 2466 854 2530 invisitatis
880 2468 1072 2550 agrestium-

59 2579 124 2644 que
141 2577 305 2642 pavcnum
324 2554 528 2619 multitudine
545 2553 706 2638 frequens.
736 2553 861 2619 Castris
880 2554 954 2617 inde
973 2554 1072 2618 motis
1092 2563 1127 2613 14

59 2645 216 2732 oppidum
238 2643 325 2708 haud
347 2642 459 2726 procul
482 2642 625 2726 positum
645 2663 763 2706 corona
785 2642 872 2725 capit
891 2641 1074 2706 obsidibus·

59 2755 124 2819 que
148 2733 288 2816 acceptis
312 2731 508 2816 stipendium
531 2729 668 2814 inponit.

24 2827 46 2891 3
102 2825 104 2828 ⁴
151 2821 203 2886 Ad
233 2840 387 2910 magnam
419 2818 544 2902 deinde,
576 2821 613 2882 ut
643 2818 678 2882 in
710 2832 749 2882 ea
780 2819 925 2903 regione,
959 2818 1073 2883 urbem

59 2911 224 2997 parvenit,
243 2929 311 2973 non
324 2928 416 2972 muro
437 2907 555 2990 solum,
579 2906 634 2971 sed
652 2905 750 2970 etiam
768 2905 885 2990 palude
904 2905 1073 2971 munitam.

61 2997 216 3065 (letarum
243 2996 375 3061 barbari
397 2995 553 3060 vehiculis
576 2995 661 3058 inter
684 3016 718 3059 se
746 2995 866 3059 iunctis
890 2994 1073 3059 dimicaturi
1093 3003 1126 3054 15

61 3089 283 3161 occumerunt:
300 3085 368 3151 tela
387 3084 460 3152 aliis
479 3083 602 3167 hastae,
620 3082 694 3147 aliis
714 3104 841 3147 secures
858 3085 951 3147 erant
969 3087 1073 3147 trans·

61 3177 276 3259 siliebantque
296 3173 332 3238 in
349 3170 498 3237 vehicula
516 3175 646 3236 strenuo
670 3170 769 3255 saltu,
793 3192 865 3236 oum
889 3191 1072 3236 succurrere

60 3264 286 3333 laborantibus
309 3263 376 3327 suis
398 3260 528 3326 vellent.
568 3260 618 3325 Aa
639 3260 746 3344 primo
774 3260 944 3325 insolitum
970 3279 1072 3343 genus
1093 3267 1126 3318 16

60 3375 193 3442 pugnae
209 3350 404 3417 Macedonas
428 3349 558 3433 terruit,
581 3369 653 3413 cum
672 3348 796 3414 eminus
819 3349 1074 3414 vulnerarentur.

61 3443 186 3510 Deinde
205 3443 313 3526 spreto
332 3444 401 3504 tam
419 3437 582 3502 incondito
602 3435 723 3503 auxilio
744 3439 784 3503 ab
807 3441 945 3521 utroque
969 3436 1073 3500 latere

61 3531 221 3599 vehiculis
240 3527 425 3594 circumfusi
445 3530 665 3614 repugnantes
680 3525 798 3594 tedere
815 3526 1010 3607 eceqemnt.
1030 3522 1094 3578 *aa
1104 3529 1146 3570 m

60 3621 201 3703 macula,
221 3617 294 3702 quis
312 3621 466 3685 conserta
485 3622 600 3706 erant,
619 3617 725 3684 iussit
741 3613 872 3694 includi,
894 3599 1126 3756 Ἁκζῖὶλῶὣὶ

912 3712 936 3756 u
