2356 3846
245 167 499 225 HISTORIARUM
515 167 733 224 ALEXANDRI
751 168 802 236 IV,
821 174 846 222 4.
867 174 891 223 5.
1031 168 1076 232 43

57 318 149 398 erat,
177 318 273 398 capta
295 318 358 397 est,
388 314 466 378 urbs
493 316 526 377 et
556 315 717 377 vetustate
745 313 880 397 originis
904 317 936 378 et
963 314 1075 378 crebra

57 404 213 468 fortunae
240 403 395 467 varietate
410 401 465 466 ,ad
490 400 678 465 memoriam
704 401 903 484 posteritatis
926 402 1074 486 insignis.

60 491 204 558 Condita
226 492 267 555 ab
281 489 431 575 Agenore
450 489 505 554 diu
525 509 623 572 mare,
645 510 712 554 non
730 489 872 553 vicinum
890 490 996 574 modo,
1019 489 1075 554 sed

60 580 286 663 quodcumque
309 580 427 644 classes
450 579 518 642 eius
542 576 703 660 adierunt,
730 577 865 642 dicionis
889 600 965 643 suae
988 578 1075 642 fecit.

60 667 117 751 Et,
139 668 167 732 si
185 668 291 732 famae
309 667 388 731 libet
406 667 542 749 credere,
564 666 643 729 haec
660 685 740 749 gens
753 666 878 731 litteras
895 667 1000 749 prima
1018 670 1075 730 aut

60 757 173 820 docuit
200 759 258 820 aut
288 755 406 821 didicit.
460 753 613 820 Coloniae
646 757 730 818 certe
763 753 831 818 eius
862 775 965 838 paene
998 755 1076 819 orbe

60 847 133 909 toto
167 843 300 908 diffusae
332 847 423 908 sunt:
460 841 623 927 Carthago
656 842 691 905 in
717 842 841 925 Africa,
873 843 909 905 in
939 841 1075 907 Boeotia

61 931 203 1015 Thebae,
225 930 332 997 Gades
354 931 396 995 ad
413 929 586 996 Oceanum.
623 928 726 994 Credo
746 930 848 995 libero
867 935 1074 995 conmeantes
1092 951 1129 1001 ro

61 1021 146 1084 mari
169 1020 358 1103 saepiusque
380 1019 527 1085 adeundo
550 1018 664 1083 ceteris
686 1018 868 1102 incognitas
890 1022 993 1082 terras
1012 1020 1074 1083 ele-

62 1108 150 1192 gisse
173 1107 263 1172 sedes
285 1108 455 1191 iuventuti,
480 1130 544 1192 qua
565 1111 644 1172 tunc
667 1106 885 1190 abundabant,
908 1106 975 1170 sive
998 1108 1075 1191 quia

62 1196 184 1261 crebris
206 1196 348 1260 motibus
370 1204 474 1260 terrae
489 1232 531 1242 -
545 1217 622 1261 nam
643 1195 705 1259 hoe
728 1215 856 1278 quoque
881 1195 1021 1259 traditur
1031 1233 1073 1242 —

62 1285 203 1348 cultores
230 1284 298 1348 eius
325 1283 455 1368 fatigati
476 1305 561 1348 nova
584 1289 617 1349 ct
638 1287 770 1348 externa
793 1282 953 1347 domicilia
976 1284 1074 1348 armis

62 1372 194 1437 sibimet
215 1393 366 1455 quaerere
389 1373 594 1456 cogebantur
634 1371 746 1435 Multis
769 1391 846 1455 ergo
870 1371 997 1436 casibus
1020 1373 1072 1437 de·
1093 1393 1127 1442 nr

62 1459 176 1525 functa
207 1464 240 1524 et
270 1464 345 1543 post
377 1460 534 1524 excidium
563 1464 678 1525 renata
704 1480 791 1522 nunc
818 1459 950 1523 tandem
976 1461 1076 1544 longa

62 1569 143 1631 pace
167 1552 283 1613 cuncta
305 1548 470 1613 refovente
494 1549 553 1612 sub
575 1553 627 1613 tut
613 1549 678 1612 tela
701 1546 867 1611 Romanae
889 1551 1074 1613 mansuetu-

63 1636 148 1700 dinis
172 1635 357 1720 adquiescit.

498 1792 576 1859 Cur.
599 1793 638 1858 V.

10 1893 52 1958 21
151 1900 259 1965 Isdem
290 1900 390 1965 ferme
422 1900 534 1965 diebus
562 1897 660 1964 Darei
688 1899 814 1962 litterae
842 1898 968 1963 adlatae
997 1904 1108 1969 eunti

62 1988 194 2053 tandem
217 1993 255 2052 ut
276 1988 346 2073 regi
369 1989 516 2072 scriptae.
552 1987 701 2053 Petebat:
726 1985 785 2049 ‘uti
807 1986 906 2050 filiam
929 2009 1074 2052 suarn—

63 2074 203 2141 Statirae
228 2080 298 2140 erat
320 2098 438 2141 nornen
461 2112 505 2124 -
527 2077 649 2160 nuptiis
672 2074 855 2139 Alexander
878 2074 939 2139 sibi
962 2076 1074 2142 adiun-

62 2168 168 2250 geret:
205 2164 313 2229 dotem
344 2164 457 2229 offerre
485 2185 612 2229 omnem
644 2163 810 2249 regionem
838 2163 923 2226 inter
949 2162 1074 2230 Helles·

61 2256 201 2337 pontum
229 2256 262 2316 et
288 2251 396 2335 Halyn
424 2274 551 2317 amnem
578 2252 686 2335 sitam,
717 2252 792 2316 inde
819 2251 975 2317 orientem
1004 2275 1074 2337 spe·

62 2341 228 2406 etantibus
255 2341 348 2405 terris
376 2344 570 2405 contentum.
617 2338 650 2404 Si
677 2340 761 2404 forte
783 2338 958 2423 dubitaret,
988 2342 1109 2424 quoda

66 2430 249 2511 offerretur,
289 2429 445 2512 accipere,
485 2450 661 2512 numquam
696 2428 751 2492 diu
787 2429 900 2493 eodem
936 2429 1074 2513 vestigio

61 2522 150 2582 stare
176 2517 340 2581 ioitunam
372 2538 558 2601 semperque
587 2516 747 2598 homines,
782 2518 1075 2601 quantamcumque

59 2605 250 2669 felicitatem
276 2604 430 2688 habeant,
457 2605 612 2669 invidiam
639 2608 748 2668 tamen
771 2603 889 2668 sentire
912 2604 1076 2669 maiorem.

60 2693 177 2758 Vereri
200 2715 243 2775 se,
264 2715 305 2758 ne
328 2694 438 2757 avium
458 2692 563 2775 modo,
586 2713 665 2775 quas
688 2692 845 2756 naturalis
868 2691 982 2754 levitas
1001 2713 1111 2776 age-s

61 2786 123 2863 ret,
146 2782 186 2845 ad
209 2781 314 2845 sidera
335 2782 425 2846 inani
448 2802 486 2845 ac
508 2780 623 2863 puerili
645 2783 753 2843 mente
776 2801 811 2843 se
832 2777 970 2843 efferret:
993 2781 1076 2845 nihil

63 2869 226 2934 difficilius
250 2891 319 2934 esse
342 2891 439 2954 quam
461 2869 496 2933 in
518 2868 574 2932 illa
597 2871 703 2931 aetate
725 2870 851 2931 tantam
874 2887 988 2950 capere
1010 2868 1075 2934 for-

61 2961 186 3022 tunam.
224 2956 308 3021 Mult
294 2961 344 3021 tas
368 2979 402 3022 se
425 2957 529 3022 adhuc
551 2956 703 3040 reliquias
725 2955 844 3019 habere
867 2975 927 3018 nec
950 2977 1111 3039 semperu

61 3045 150 3110 inter
179 3046 347 3130 angustias
378 3066 473 3129 posse
500 3044 759 3127 deprehendi:t
745 3042 978 3108 transeundum
1005 3067 1075 3110 esse

67 3132 254 3198 Alexandro
276 3132 467 3216 Euphraten
489 3132 695 3234 Tigrimque
704 3135 737 3196 et
759 3131 947 3196 Araxent
915 3137 947 3196 et
970 3129 1076 3197 Choa-

64 3242 154 3306 spen,
176 3241 296 3307 magna
319 3222 520 3285 munimenta
536 3221 629 3305 regni
647 3221 709 3284 sui:
732 3220 950 3285 ueniendum
941 3242 976 3283 ιιι
991 3242 1075 3286 eam·

63 3331 138 3394 pos,
173 3310 230 3375 ubi
263 3309 426 3393 paucitate
456 3331 587 3374 suorum
618 3309 869 3374 erubescendum
900 3308 952 3372 sit.
1004 3307 1110 3376 Iamo

63 3397 218 3482 Mediam,
240 3397 448 3483 Hyrcaniam,
470 3396 644 3462 Bactraet
665 3397 774 3480 Indos,
797 3395 917 3462 Oceani
940 3398 1075 3478 accolas,

63 3487 194 3570 quando
223 3487 385 3552 aditurum
408 3521 451 3534 -
473 3507 515 3550 ne
537 3484 718 3570 Sogdianos
741 3488 774 3550 et
795 3484 992 3549 Arachosios
1017 3506 1074 3548 no-

63 3576 183 3638 minem
206 3579 392 3660 ceterasque
409 3577 527 3662 gentes
550 3574 595 3642 ad
610 3572 801 3643 Caucasum
821 3571 1009 3638 et'lanaxn
1022 3587 1101 3645 pax·
