2356 3846
126 163 190 228 166
497 161 528 228 Q.
548 161 658 218 CUBTI
675 161 762 218 RUFI

124 309 250 373 remisit
277 307 417 373 domum.
467 304 591 371 (leteris
619 307 744 391 gratiae
773 309 878 391 actae,
906 307 991 391 quod
1019 307 1060 371 ad
1086 329 1135 372 33-

123 398 213 481 liqna
246 397 326 461 belli
362 398 537 460 navaturos
575 416 706 478 operam
741 395 987 480 pollicebantur.
1038 395 1134 476 [Tum

71 504 105 556 aa
123 486 242 551 Bessus
257 484 464 568 perducitur]
500 481 694 548 Perventum
718 486 789 547 erat
801 484 837 547 in
854 483 1027 567 parvulum
1046 485 1135 568 oppi-

124 573 212 638 dum:
236 572 436 637 Branchidae
455 573 521 636 eius
545 572 668 638 incolae
694 574 795 636 erant.
835 570 949 636 Mileto
971 572 1135 655 qnondam

122 662 213 726 iussu
231 660 361 740 Xerxis,
385 682 457 725 cum
481 682 498 725 e
518 659 653 724 Graecia
674 661 806 742 rediret,
828 661 1026 724 transierant
1043 663 1077 724 et
1100 662 1136 725 in

124 771 161 814 ea
188 749 262 814 sede
285 750 510 831 constiterant,
538 749 616 832 quia
641 749 814 832 templum,
843 748 928 832 quod
951 746 1137 833 Didymeon

69 858 104 907 33
123 838 318 922 appellatur,
355 839 391 902 in
426 837 566 922 gratiam
603 834 719 901 Xerxis
755 835 966 901 violaverant
1025 836 1136 902 Mores

122 927 221 1010 patrii
249 926 391 992 nondum
420 925 638 990 exulaverant:
666 924 813 990 sedium
841 925 1005 1009 bilingues
1033 930 1137 1009 erant,

122 1014 281 1098 paulatim
291 1036 311 1078 a
322 1013 498 1078 domestico
509 1018 641 1078 externo
652 1026 797 1077 sermone
811 1012 994 1098 degeneres.
1013 1013 1136 1099 Magno

122 1104 223 1186 igitur
250 1104 368 1187 gaudio
396 1121 507 1185 regem
530 1101 694 1185 excipiunt
715 1101 829 1165 urbem
852 1123 950 1185 seque
972 1101 1136 1167 dedentes.

122 1189 183 1255 Ille
211 1189 367 1273 Milesios,
399 1189 454 1273 qui
486 1188 570 1272 apud
602 1189 710 1273 ipsum
738 1189 931 1272 militarent,
963 1192 1138 1256 convocari

69 1298 104 1346 3ο
121 1279 221 1343 iubet.
257 1277 359 1342 Vetus
378 1277 487 1343 odium
505 1275 626 1341 Milesii
649 1278 805 1360 gerebant
824 1278 859 1341 in
876 1277 1137 1344 Branchidarum

123 1371 261 1450 gentem.
313 1365 455 1430 Proditis
488 1385 579 1450 ergo,
611 1365 679 1430 sive
710 1365 860 1445 iniuriae,
894 1365 962 1430 3133
996 1367 1136 1450 originis

121 1455 306 1519 meminisse
333 1455 479 1536 mallent,
511 1453 648 1517 liberum
680 1453 719 1518 de
745 1453 938 1518 Branchidis
970 1456 1138 1538 permittit

68 1561 101 1609 33
123 1542 303 1607 arbitrium.
337 1541 546 1607 Variantibus
566 1540 679 1605 deinde
697 1543 868 1607 sententiis
887 1563 921 1606 se
939 1542 1048 1625 ipsum
1062 1564 1138 1609 con·

121 1630 348 1714 sideraturnm,
362 1630 439 1714 quid
449 1631 607 1713 optimum
620 1629 711 1695 factu
720 1635 816 1713 esset,
829 1631 979 1695 ostendit.
997 1628 1135 1698 Postero

122 1719 173 1783 die
202 1719 443 1784 occurrentibus
470 1716 662 1783 Branchidis
690 1738 798 1783 secum
828 1719 1001 1802 procedere
1033 1719 1136 1784 iubet.

121 1805 265 1891 Cumque
292 1807 332 1872 ad
360 1807 474 1871 urbem
501 1809 634 1871 ventum
661 1810 758 1889 esset,
786 1807 856 1890 ipse
883 1828 956 1872 cum
983 1807 1137 1890 expedita

68 1913 101 1962 33
121 1917 217 1960 manu
239 1899 370 1978 portam
387 1895 504 1960 intrat:
526 1894 669 1978 phalanx
687 1895 815 1960 moenia
833 1894 944 1979 oppidi
965 1896 1137 1961 circumire

120 1984 208 2048 iussa
236 1988 269 2047 et
296 1983 372 2047 dato
404 1982 498 2067 signo
529 1981 667 2066 diripere
693 1983 820 2066 urbem,
851 1982 1056 2066 proditorum
1086 2007 1136 2049 re

67 2071 336 2155 receptaculum,
362 2070 515 2154 ipsosque
544 2071 584 2134 ad
607 2092 706 2134 unum
729 2070 871 2135 caedere.
914 2070 969 2135 Illi
993 2071 1136 2138 inermes

84 2178 86 2182 “
119 2159 243 2244 passim
275 2156 478 2222 trucidantur
508 2179 568 2223 nec
600 2160 657 2222 aut
689 2159 882 2224 commercio
913 2160 1046 2244 linguae
1079 2167 1137 2226 aut

120 2246 302 2331 supplicum
328 2245 520 2311 velamentis
547 2246 759 2329 precibusque
786 2246 927 2311 inhiberi
954 2247 1134 2315 crudelitas

119 2337 237 2419 potest.
282 2332 438 2417 Tandem,
465 2337 503 2398 ut
526 2333 701 2418 deicerent,
728 2334 938 2401 fundamenta
966 2357 1136 2402 murorum

120 2424 161 2489 ab
186 2423 253 2487 imo
281 2421 470 2506 moliuntur,
497 2442 538 2486 ne
566 2421 652 2506 quod
678 2422 768 2487 urbis
796 2422 970 2508 vestigium
997 2429 1135 2492 extaret

66 2531 101 2579 34
118 2512 261 2579 Nemora
292 2531 420 2594 quoque
450 2510 604 2594 lucosque
632 2531 741 2576 sacros
767 2531 833 2575 non
861 2511 999 2575 caedunt
1026 2514 1134 2598 modo,

119 2600 175 2665 sed
194 2601 293 2664 etiam
312 2600 484 2683 extirpant,
502 2602 540 2664 ut
553 2603 647 2664 33313
661 2597 802 2664 solitudo
822 2602 855 2662 et
873 2599 995 2665 sterilis
1014 2600 1133 2668 humus

66 2705 99 2755 85
119 2689 261 2752 excussis
285 2688 384 2752 etiam
406 2687 568 2753 radicibus
586 2687 797 2772 linqueretur.
834 2685 923 2762 Quae
942 2687 971 2752 si
988 2687 1025 2751 in
1042 2689 1134 2773 ipsos

117 2775 311 2858 proditionis
331 2779 480 2840 auctores
500 2775 684 2861 excogitata
703 2778 823 2859 essent,
843 2776 931 2840 iusta
947 2776 1034 2842 ultio
1053 2800 1134 2863 esse,

118 2884 184 2926 non
198 2862 370 2928 crudelitas
388 2863 563 2928 videretur:
581 2883 667 2927 nunc
684 2864 813 2946 culpam
831 2864 989 2928 maiorum
1008 2867 1134 2948 posteri

118 2949 221 3032 luere,
243 2951 299 3034 qui
322 2972 362 3015 ne
385 2951 533 3015 viderant
555 2949 686 3034 quidem
702 2948 866 3036 Miletum,
888 2950 960 3017 ideo
980 2955 1014 3017 et
1032 2952 1133 3020 Xerxi

118 3058 185 3101 non
208 3042 383 3120 potuerant
404 3038 548 3122 prodere.

65 3145 99 3195 se
207 3123 286 3189 Inde
304 3127 463 3208 processit
480 3125 520 3190 ad
538 3125 674 3191 Tanaim
692 3148 829 3193 amnem.
867 3128 937 3205 Quo
955 3130 1132 3214 perductus
1167 3156 1178 3180 ·-

119 3216 170 3278 331
183 3211 303 3279 Β33333
317 3234 384 3278 non
398 3214 523 3279 vinctus
538 3213 644 3299 modo,
660 3216 716 3280 sed
731 3217 828 3282 etiam
843 3217 933 3282 omni
946 3218 1134 3286 velamento

119 3301 264 3386 corporis
289 3301 457 3385 spoliatus.
499 3299 700 3387 Spitamenes
723 3325 797 3369 eum
819 3306 953 3371 tenebat
975 3306 1061 3373 collo
1084 3308 1134 3373 in·

114 3395 207 3456 serta
225 3394 353 3474 331333,
375 3393 444 3454 tam
466 3390 621 3481 barbaris⁴
634 3412 731 3476 quam
749 3392 979 3460 Macedonibus
1000 3401 1135 3480 gratum

38 3491 83 3540 87
96 3480 342 3556 spectaculum.
390 3477 474 3546 lirm
508 3477 726 3568 Spitamenes,
762 3479 818 3546 ‘Et
849 3480 904 3565 te',
934 3482 1055 3568 inquit,
1087 3483 1135 3551 ‘et

78 3558 251 3659 Dareum,
279 3591 384 3662 reges
415 3594 526 3662 meos,
554 3573 648 3643 ultus
674 3569 922 3638 intertectorem
945 3570 1141 3637 1331111331
