2356 3846
452 159 681 216 SUMMARIUM.
973 161 1078 218 XXVII

54 303 169 374 redigit.
207 302 267 357 XII.
295 302 378 358 India
396 301 437 357 cis
451 302 552 358 Indum
565 302 675 358 domita
687 303 788 358 Indum
801 303 906 359 transit
918 304 1079 360 Alexander

56 373 248 445 Omphimque
270 391 301 430 re
322 390 368 429 em
386 389 417 429 se
440 376 470 428 et
493 391 545 429 sua
562 375 722 430 tradentem
738 374 871 431 restituit.
909 376 981 432 XIII.
1009 377 1077 432 Abi-

56 462 135 502 sares
153 462 184 501 se
198 444 286 513 dedit,
302 391 475 501 {amatistes
494 447 524 500 et
538 445 674 501 Samaxns
692 445 782 501 vincti
799 447 830 500 in
848 447 1007 502 custodiam
1021 451 1078 502 tra-

56 519 171 572 duntur.
208 515 364 572 Alexandri
387 516 424 572 ad
441 516 595 586 Hydaspen
618 519 713 572 castra
737 519 767 572 et
783 518 892 573 bellum
910 535 973 574 cum
990 519 1076 575 Poro:
1096 525 1149 576 326

55 588 137 644 cuius
165 586 255 658 copiis
288 587 370 643 varia
402 590 462 643 arte
491 587 637 643 distractis
664 588 756 658 ripam
783 588 932 645 adversam
959 593 1080 660 occupat

56 659 228 714 Alexander.
264 658 336 714 XIV.
365 659 499 714 Indorum
513 661 543 713 et
556 659 742 715 Macedonum
756 663 873 716 cruenta
885 680 996 732 pugna:
1015 662 1080 716 Pori

57 731 169 801 captivi
186 729 410 801 magnanimitas
429 732 459 785 et
475 730 724 802 Alexandriregis
744 732 904 788 clementia.

450 899 574 959 LIBER
593 899 691 960 VIIII.

130 1015 151 1070 Ι.
180 1015 253 1070 Poro
277 1015 402 1083 devicto,
431 1015 468 1070 ad
495 1015 623 1084 Hypasin
650 1032 738 1084 usque
764 1017 896 1086 penetrat
922 1016 1082 1072 Alexander
1137 1010 1140 1015 ’

58 1085 507 1228 ggffipesssepgffleg,
521 1087 1082 1230 pterauztdstltlntl

59 1230 105 1284 tos
133 1230 163 1284 et
189 1227 324 1283 militiam
348 1229 537 1284 detrectantes
561 1229 689 1284 oratione
712 1229 749 1284 ad
771 1229 1011 1299 perseverantiam
1034 1231 1082 1286 ad-

59 1299 199 1357 hortatur.
245 1299 292 1354 III.
331 1299 440 1354 Coenus
462 1316 514 1369 pro
538 1299 664 1356 exercitu
681 1300 841 1356 Alexandro
864 1303 1028 1372 respondet,
1053 1318 1082 1356 se

60 1372 176 1441 paratos
196 1369 312 1439 quidem
330 1387 392 1425 esse
406 1370 496 1439 sequi,
517 1372 567 1426 sed
581 1371 732 1426 exhaustos
748 1388 809 1426 esse
823 1370 964 1428 victoriis:
983 1374 1082 1428 adsen-

61 1441 173 1496 tiuntur
192 1441 280 1497 ceteri
299 1442 384 1496 duces
403 1444 432 1496 et
450 1441 566 1512 milites,
586 1460 704 1511 quorum
721 1442 853 1512 precibus
872 1443 964 1498 victus
977 1460 1028 1500 rex
1046 1445 1083 1499 ad

60 1513 159 1583 Hydas
181 1529 217 1568 en
234 1511 386 1568 revertitur
404 1512 550 1581 classeque
568 1516 668 1595 parata
686 1514 810 1569 secundo
829 1531 912 1569 amne
926 1514 1082 1571 devehitur.

61 1584 108 1638 IV.
165 1601 226 1639 rrca
248 1583 436 1639 confluentem
453 1583 596 1653 Hydaspis
620 1587 649 1638 et
665 1583 795 1640 Acesinis
816 1585 847 1639 in
866 1585 996 1640 Siborum
1014 1587 1083 1641 fines

61 1654 193 1725 pervenit
210 1654 333 1724 indeque
352 1655 389 1709 ad
407 1655 509 1709 Mallos
534 1657 564 1710 et
582 1655 728 1710 Sudracas.
766 1656 901 1712 Oratione
921 1658 957 1711 ad
977 1657 1083 1712 milites

63 1726 216 1781 seditiosos
234 1725 336 1781 habita
353 1727 490 1782 barbaros
509 1726 591 1797 fugat
605 1743 756 1795 eorumque
772 1727 908 1809 oppidum
922 1731 1084 1799 contempto

62 1797 261 1867 Demophonte
280 1799 345 1852 vate
365 1797 485 1853 obsidet.
522 1798 556 1853 V.
584 1797 752 1866 Alexander,
772 1815 821 1866 qm
839 1799 991 1868 praecipiti
1009 1800 1100 1853 saltu

63 1885 95 1924 se
112 1869 144 1922 in
162 1869 261 1923 urbem
279 1868 394 1937 plenam
411 1870 584 1924 armatorum
603 1869 679 1923 solus
697 1867 866 1938 immiserat,
920 1869 1011 1925 ariter
1023 1870 1084 1924 vul-

62 1941 179 1995 neratus
203 1955 288 2010 aegre
312 1957 420 1995 summo
442 1939 570 2010 perleulo
594 1957 612 1994 a
631 1937 689 1994 suis
707 1937 833 2009 eripitur.
901 1957 1006 2010 agnum
1024 1941 1084 1996 eius

62 2029 98 2066 ex
116 2011 233 2066 vulnere
251 2010 415 2080 pericnlum.
452 2012 499 2066 VI.
532 2011 666 2066 Nondum
684 2011 754 2066 satis
773 2013 870 2066 curato
888 2014 1003 2068 vulnere
1022 2013 1085 2067 bar-

63 2082 142 2137 baris
160 2081 244 2138 illum
261 2082 369 2152 perisse
388 2081 572 2138 credentibus·
587 2098 618 2137 se
637 2081 775 2138 ostendit:
794 2081 894 2137 amicis
907 2083 1085 2154 rogantibus,

53 2149 97 2208 'nt
115 2153 204 2208 saluti
224 2169 291 2208 suae
309 2153 496 2222 publicaeque
514 2155 654 2223 parceret,
675 2169 810 2224 generose
828 2153 988 2224 respondet.
1025 2155 1084 2209 VH.

64 2225 237 2280 Graecorum
251 2224 426 2293 quorundam
439 2224 470 2278 in
478 2223 631 2279 Bactriana
644 2225 808 2279 colonorum
817 2224 940 2280 defectio
949 2242 1085 2295 repressa.

61 2295 145 2351 Malli
163 2298 193 2351 et
212 2295 353 2350 Sudracae
377 2313 408 2351 se
432 2295 547 2351 dedunt.
584 2295 720 2350 Horratas
738 2295 856 2350 Macedo
882 2298 911 2351 et
928 2296 1085 2367 Dioxippus

61 2366 245 2423 Atheniensis
267 2366 413 2436 inparibus
441 2366 527 2421 armis
551 2365 689 2436 singulari
715 2366 867 2422 certamine
890 2367 965 2422 inter
987 2385 1017 2423 se
1035 2387 1086 2438 pu-

61 2440 160 2510 gnant.
188 2437 288 2492 Victor
301 2436 458 2508 Dioxippus
472 2437 558 2520 paulo
572 2440 638 2507 post
652 2437 833 2493 inimicorum
847 2438 995 2493 calumniis
1009 2439 1087 2494 ultra

61 2509 179 2565 modurn
197 2508 324 2563 irritatus
349 2525 379 2564 se
397 2509 459 2580 ipse
477 2508 624 2565 interimit.
666 2509 738 2564 VIII.
772 2508 861 2564 Donis
881 2527 898 2564 a
919 2509 1023 2580 legatis
1042 2510 1086 2564 In-

64 2582 166 2636 dorum
184 2580 309 2650 acceptis
327 2597 376 2636 rex
395 2580 518 2636 secundo
537 2579 607 2634 Indo
627 2581 664 2634 ad
683 2582 797 2650 gentem
814 2579 954 2635 Pataliam
973 2580 1086 2636 devehi-

62 2655 110 2708 tur
138 2651 254 2706 domitis
279 2652 411 2722 gentibus
435 2651 539 2706 flumen
563 2650 764 2706 accolentibus.
806 2650 962 2707 Ptolemaei
985 2652 1086 2706 vulnus

63 2723 202 2777 miraculo
221 2726 359 2777 sanatum.
402 2722 448 2776 IX.
481 2721 642 2777 Alexander
660 2720 792 2791 cupidine
817 2721 928 2776 visendi
947 2722 1090 2778 Oceanum
1109 2729 1153 2779 321

65 2796 212 2864 correptus
230 2810 288 2848 non
307 2793 367 2849 sine
385 2793 519 2862 periculis
538 2795 653 2863 propter
676 2794 770 2847 aestus
795 2792 952 2847 maritimos
971 2796 1002 2849 et
1018 2812 1087 2849 nau-

63 2868 159 2921 tarum
181 2864 345 2947 inperitiam
367 2865 483 2920 tandem
509 2864 569 2920 soti
587 2864 633 2918 sui
651 2880 764 2934 compos
783 2862 918 2919 redditur.
966 2865 999 2920 X.
1032 2865 1087 2921 Ne-

65 2938 152 2992 archo
175 2936 290 3004 rehcto‚
315 2939 348 2991 ut
370 2954 434 2991 cnm
456 2935 546 2991 classe
569 2953 620 3005 per
639 2935 781 3002 Oceanum
803 2937 1002 3005 reverteretur,
1026 2937 1087 3006 ipse

64 3025 114 3064 rex
132 3024 184 3078 per
201 3007 334 3064 Arabitas
353 3009 383 3063 et
400 3007 495 3062 Oritas
519 3010 549 3064 et
570 3007 699 3078 ingentia
718 3005 868 3062 Gedrosiae
895 3007 1008 3063 deserta
1024 3025 1088 3078 pro-

65 3080 203 3150 greditur,
222 3078 272 3133 ubi
291 3079 431 3134 exercitus
449 3078 606 3135 miserrime
626 3095 689 3132 cum
707 3077 781 3133 farne
801 3079 830 3133 et
847 3079 1012 3148 pestilentia
1029 3080 1087 3134 Iuc-

66 3153 151 3205 tatur.
185 3149 311 3205 Tandem
338 3151 370 3204 in
389 3149 566 3206 Carmaniam
587 3148 718 3220 pervenit
740 3166 857 3218 eamque
877 3149 1020 3205 luxurioso
1040 3168 1088 3221 ag-

65 3221 142 3277 mine
159 3224 307 3292 peragrat,
327 3221 432 3276 Bacchi
450 3238 501 3292 per
519 3221 629 3277 Indiam
648 3220 821 3291 triumphurn
839 3220 961 3276 imitans.

416 3429 419 3432 -
494 3390 616 3450 LIBER
634 3391 670 3450 X.

136 3505 157 3559 Ι.
176 3503 330 3559 Oleander
352 3506 494 3575 ceterique
512 3506 650 3577 praefecti
669 3505 831 3577 copiarum,
850 3522 925 3572 cnse
946 3505 984 3556 in
995 3506 1099 3556 Madia

64 3576 182 3631 relictae
200 3575 325 3647 strarant,
351 3578 493 3636 scelerum
516 3579 551 3635 in
568 3597 605 3637 ea
619 3576 777 3652 prouincia
791 3574 996 3652 admispnm
1004 3582 1125 3634 erm*

57 3647 133 3699 dant.
173 3646 301 3705 Nearchi
322 3653 352 3709 et
368 3652 534 3712 Onesicriti
553 3655 714 3712 adrentus.
738 3644 919 3727 Menandri
934 3642 976 3691 be
993 3637 1070 3685 crae
1080 3632 1147 3677 sax·
