2356 3846
113 129 176 192 116
488 127 519 193 o.
540 126 650 182 ouem
667 125 755 181 auur

77 272 241 352 ‘ldinibus
269 272 369 336 effuse
396 271 550 334 fluentem
576 269 610 333 in
638 290 672 334 se
701 270 804 334 aciem
831 289 993 353 excepere.
1047 269 1123 337 Non

112 361 200 426 aliud
229 359 402 425 discrimen
429 357 650 422 vehementius
679 357 781 422 fuisse
810 356 988 422 memoriae
1016 358 1123 442 prodi-

113 455 184 514 tum
204 452 262 513 est.
302 447 449 511 Duarum
467 445 745 510 nobilissimarum
763 445 851 510 bello
870 445 1019 530 gentium
1037 468 1124 512 exer·

77 538 195 602 8citus
228 536 299 621 pari
330 534 435 599 Marte
472 534 670 618 pugnabant.
726 532 975 598 Lacedaemonii
1007 537 1124 618 vetera,

112 623 305 690 Macedones
319 624 504 707 praesentia
518 623 634 686 decora
647 623 871 687 intuebantur:
890 621 938 686 illi
956 643 1017 705 pro
1030 623 1124 688 liber-

112 716 194 796 tate,
226 713 261 776 hi
287 733 347 796 pro
377 711 595 776 dominatione
623 711 828 794 pugnabant:
860 709 1124 777 Lacedaemoniis

78 802 191 884 adun,
224 799 454 865 Macedonibus
482 799 573 863 locus
600 799 717 863 deerat
767 797 842 862 Diei
869 819 997 882 quoque
1029 801 1124 866 unius

112 894 182 954 tam
200 888 372 971 multiplex
395 909 488 952 casus
511 885 608 950 modo
628 908 728 969 spem,
748 887 845 951 modo
864 890 989 950 metum
1008 888 1125 954 utrius-

114 999 175 1061 que
197 977 302 1059 partis
325 975 479 1059 augebat,
507 975 597 1039 velut
624 974 663 1037 de
691 974 850 1038 industria
876 974 962 1038 inter
988 975 1125 1041 fortissi-

62 1085 95 1134 10
113 1088 184 1130 mos
212 1066 299 1129 viros
328 1069 490 1127 certamen
517 1065 675 1145 aequante
702 1062 843 1127 fortuna.
892 1059 1045 1128 Ceterum
1073 1086 1126 1130 an-

114 1153 242 1238 gustiae
265 1153 342 1233 loci,
365 1152 400 1215 in
423 1172 486 1233 quo
509 1150 659 1215 haeserat
681 1169 805 1234 pugna,
826 1171 893 1216 non
916 1151 1126 1233 patiebantur

113 1242 193 1306 totis
221 1240 347 1323 ingredi
375 1238 514 1303 viribus:
546 1239 737 1321 spectabant
767 1259 845 1323 ergo
872 1240 996 1323 plures,
1029 1261 1126 1324 quam

113 1329 255 1393 inierant
273 1326 439 1409 proelium,
462 1330 497 1390 et
524 1327 580 1410 qui
602 1331 693 1391 extra
715 1327 773 1390 teli
795 1326 916 1392 iactum
939 1331 1045 1411 erant,
1067 1329 1127 1393 cla·

62 1428 93 1477 11
114 1438 202 1480 more
233 1415 371 1479 invicem
403 1436 478 1479 suos
511 1413 736 1479 accendebant.
787 1414 932 1479 Tandem
960 1409 1153 1482 Laconum2

114 1505 199 1569 acies
222 1505 442 1587 languescere,
468 1502 595 1566 lubrica
622 1524 711 1566 arma
738 1503 854 1568 sudore
876 1503 932 1568 vix
955 1504 1127 1590 sustinens,

113 1593 228 1676 pedem
251 1591 365 1655 deinde
388 1590 508 1655 referre
531 1591 638 1673 coepit
660 1594 693 1655 et
715 1594 850 1674 urgente
870 1591 964 1656 hosta
984 1594 1127 1675 apertius

62 1694 95 1744 12
114 1680 234 1765 fugere.
262 1679 497 1763 insequebatur
510 1678 685 1760 dissipatos
698 1679 803 1743 victor
817 1682 850 1742 et
864 1701 1016 1745 emensus
1032 1703 1127 1746 cursu

115 1790 210 1834 omne
233 1768 389 1852 spatium,
412 1767 497 1850 quod
521 1767 605 1831 acies
622 1762 787 1832 Laconum
805 1768 1001 1852 obtinuerat,
1020 1769 1127 1854 ipsum

62 1869 95 1918 13
114 1855 203 1940 Agin
221 1856 481 1939 persequebatur.
514 1855 574 1919 Ille
592 1858 629 1918 ut
642 1855 756 1939 fugam
769 1876 901 1919 suorum
915 1860 948 1921 et
961 1858 1128 1940 proximos

63 1957 96 2006 14
113 1944 257 2008 hostium
275 1944 453 2026 conspexit,
475 1943 594 2026 deponi
612 1965 646 2006 se
665 1944 776 2007 iussit:
794 1947 1011 2028 expertusque
1030 1968 1128 2011 mem·

113 2032 182 2112 bra,
206 2051 248 2093 an
271 2030 428 2111 impetum
452 2031 553 2094 animi
576 2031 668 2114 sequi
689 2035 831 2115 possent,
852 2037 1029 2116 postquam
1045 2028 1128 2103 'defi-

115 2139 186 2183 cere
210 2117 321 2199 sensit,
343 2115 523 2199 poplitibus
547 2123 650 2180 semet
673 2120 798 2199 excepit
820 2120 979 2204 galeaque
997 2124 1128 2187 strenue

116 2209 246 2288 sumpta
268 2205 373 2286 clipeo
396 2207 569 2288 protegens
588 2224 704 2286 corpus
722 2202 853 2270 hastam
872 2208 1005 2272 dextera
1023 2210 1127 2275 vibra-

115 2295 182 2377 bat,
200 2293 286 2357 ultro
306 2313 425 2356 vocans
444 2291 581 2375 hostem,
600 2292 629 2355 si
648 2291 719 2376 quis
738 2292 858 2357 iacenti
877 2294 982 2376 spolia
999 2295 1129 2362 demere

63 2396 96 2446 15
116 2381 259 2447 auderet.
302 2379 371 2446 Nec
390 2381 561 2463 quisquam
583 2379 655 2462 fuit,
679 2379 736 2462 qui
754 2381 931 2446 sustineret
948 2385 1129 2451 comminus

115 2469 281 2555 congredi:
312 2468 425 2553 procul
458 2467 634 2532 missilibus
667 2469 894 2552 adpetebatur‚
920 2491 958 2534 ea
989 2471 1064 2555 ipsa
1094 2474 1130 2538 in

114 2559 243 2624 hostem
271 2561 473 2640 retorquens,
503 2557 604 2620 donec
630 2555 744 2622 lancea
770 2558 854 2622 nudo
882 2560 1006 2641 pectori
1029 2561 1130 2627 infixa

116 2650 180 2711 est:
214 2669 278 2729 qua
310 2668 349 2710 ex
380 2645 511 2709 vulnere
542 2644 652 2709 evolsa
682 2645 875 2712 inclinatum
907 2668 945 2710 ac
977 2647 1129 2716 deficiens

116 2738 214 2817 caput
236 2734 340 2818 clipeo
362 2733 528 2817 paulisper
551 2733 688 2816 excepit,
715 2735 790 2798 dein
816 2735 983 2818 linquente
1011 2737 1129 2820 spiritu

115 2823 237 2905 pariter
270 2843 307 2886 aa
339 2822 497 2905 sanguine
529 2821 739 2885 moribundus
766 2824 802 2886 in
829 2845 919 2889 arma
944 2826 1130 2908 procubuit

65 2923 99 2985 11
116 2906 268 2975 Occidere
291 2908 620 2975 Lacedaemoniorum
638 2931 659 2971 1
677 2909 767 2972 milia
785 2915 818 2974 11
837 2933 899 2994 111,
923 2933 962 2975 ex
979 2912 1128 2981 Macedo·

115 2997 211 3061 nibus
229 2995 316 3060 haud
341 2997 481 3080 amplius
504 2996 606 3060 mille:
629 2998 770 3065 cetarum
793 2999 847 3063 vix
870 3000 1042 3084 quisquam
1064 3004 1130 3069 nisi

117 3084 244 3148 saucius
267 3085 402 3148 revertit
424 3086 458 3149 in
481 3088 596 3149 castra.

204 3169 292 3235 Haec
315 3171 451 3237 victoria
477 3194 543 3237 non
566 3168 717 3254 Spartam
741 3173 836 3239 modo
860 3177 1028 3261 sociosque
1051 3181 1158 3264 eius,3

117 3259 173 3325 sed
187 3259 286 3323 etiam
300 3259 416 3343 omnis,
434 3261 490 3343 qui
502 3260 667 3325 fortunam
681 3259 760 3324 belli
774 3268 1008 3349 spectaverant,
1022 3267 1129 3355 fregit.

64 3356 98 3415 11
116 3345 186 3412 Ν11
212 3346 348 3412 fallebat
376 3345 588 3432 Antipatrum
616 3348 786 3415 dissentire
814 3351 856 3416 ab
879 3353 995 3419 animis
1019 3361 1130 3440 gratu·

112 3436 255 3500 lentium
282 3435 404 3518 vultus,
431 3435 488 3500 sed
515 3436 635 3501 bellum
662 3436 752 3502 finire
781 3440 923 3522 cupienti
951 3464 1033 3527 opus
1060 3448 1130 3511 erat

96 3520 214 3604 daem:
250 3523 302 3590 Et
314 3546 517 3613 quamquam
531 3525 666 3593 fortuna
680 3547 791 3592 rerum
801 3528 966 3611 placebat,
974 3531 1130 3599 insidiam
