2370 3834
257 157 513 214 maronianum
531 156 748 212 ALEXANDRI
765 156 817 226 IV,
836 163 861 212 3.
1023 154 1065 219 39

53 305 207 389 pontibus
231 303 355 386 stratis,
382 303 438 386 qui
460 303 595 367 militem
618 303 828 386 sustinerent,
854 302 1066 384 inpleverant

54 391 108 457 Sic
138 393 313 456 instructas
344 390 561 475 quadriremes
593 390 633 455 ad
662 391 775 455 urbem
805 390 959 475 agebant:
991 390 1066 453 inde

54 480 190 545 missilia
207 480 242 544 in
260 483 504 564 propugnantes
522 479 752 563 ingerebantur
768 483 849 563 tuto,
873 480 948 563 quia
961 479 1065 562 proris

54 569 147 633 miles
169 569 348 654 tegebatur,
392 567 500 633 Media
521 588 586 632 nox
609 570 687 651 erat,
709 588 783 632 cum
805 569 949 649 classem,
972 567 1067 631 sicuti
1087 587 1120 635 ro

54 657 177 721 dictmn
204 660 266 741 ert,
296 660 444 741 paratam
471 656 637 720 circumire
660 677 769 721 muros
791 656 889 721 iubet.
934 655 1066 739 Iamque

54 767 155 810 naves
174 746 246 811 urbi
261 746 403 830 undique
418 744 680 825 admovebantur,
698 748 731 808 et
743 744 831 826 Tyrii
844 744 1067 827 desperatione

53 834 239 919 torpebant,
261 855 335 899 cum
358 835 464 899 subito
484 833 606 916 spissae
625 833 727 897 nubes
741 832 907 896 intendere
921 853 954 896 se
969 832 1068 914 caelo,

55 926 102 1006 et,
134 922 289 1007 quidquid
316 923 397 987 lucis
425 921 648 1005 internitebat‚
681 920 785 986 offusa
807 921 943 1005 ealigine
967 920 1068 984 extin-

55 1014 153 1075 ctum,
177 1013 235 1076 est.
284 1007 367 1074 Tum
398 1010 622 1075 inhorrescens
652 1031 740 1074 mare
773 1009 929 1093 paulatim
958 1008 1068 1089 levari,
1088 1027 1120 1075 17

56 1097 172 1163 deinde
199 1099 321 1163 acriore
346 1103 444 1163 vento
467 1099 663 1163 concitatum
686 1098 802 1162 fluctus
824 1097 907 1162 ciere
930 1101 963 1160 et
984 1097 1069 1160 inter

56 1208 92 1251 se
112 1187 243 1272 navigia
261 1187 430 1252 conlidere.
465 1185 598 1270 Iamque
617 1186 720 1251 scindi
738 1189 914 1268 coepenmt
931 1184 1070 1266 vincula,

57 1275 174 1359 quibus
201 1296 341 1340 conexae
369 1275 587 1359 quadriremes
614 1279 720 1356 erant,
748 1296 840 1338 ruere
867 1274 1013 1338 tabulata
1037 1276 1070 1336 et

56 1384 131 1427 cum
156 1363 283 1448 ingenti
304 1364 434 1447 fragore
457 1364 492 1427 in
513 1363 710 1447 profundum
733 1384 841 1427 secum
862 1362 981 1426 milites
1004 1365 1068 1424 tra·

54 1451 142 1515 here.
187 1450 299 1534 Neque
328 1451 412 1515 enim
435 1456 584 1516 conserta
610 1451 742 1535 navigia
764 1451 830 1515 ulla
858 1472 918 1533 ope
945 1450 980 1513 in
1002 1453 1068 1513 tur·
1090 1468 1123 1517 18

56 1539 133 1604 bido
156 1540 226 1624 regi
248 1543 412 1622 poterant:
439 1540 530 1603 miles
553 1539 731 1603 ministeria
753 1542 939 1621 nautarum,
961 1558 1071 1602 remex

56 1627 170 1692 militis
193 1622 300 1692 officia
322 1628 485 1711 turbabat,
508 1631 549 1712 et,
572 1628 658 1710 quod
679 1627 715 1690 in
737 1626 894 1692 eiusmodi
917 1648 995 1691 casu
1018 1648 1069 1690 ac-

57 1715 149 1799 cidit,
184 1716 281 1799 periti
314 1717 437 1800 ignaris
469 1716 639 1800 parebant:
685 1711 803 1799 quippe
836 1715 1070 1798 gubernatores

57 1804 138 1868 alias
167 1803 327 1887 imperare
355 1805 442 1869 soliti
468 1807 539 1868 tum
566 1807 655 1868 metu
681 1803 795 1867 mortis
822 1803 910 1867 iussa
937 1823 1070 1885 exeque-

57 1892 186 1956 bantur.
231 1892 375 1956 Tandem
398 1892 494 1957 remis
516 1891 713 1976 pertinacius
737 1891 959 1955 everberatum
981 1911 1070 1954 mare
1093 1917 1095 1921 ·

57 1980 157 2044 veluti
180 1980 390 2063 eripientibus
412 1980 546 2065 navigia
567 1980 708 2045 classicis
731 1980 840 2062 cessit,
872 1978 1071 2062 adpulsaque

58 2071 136 2132 sunt
156 2067 245 2132 litori
267 2069 407 2132 lacerata
429 2070 589 2152 pleraque.

10 2151 48 2217 [5
146 2155 253 2220 Isdem
283 2156 367 2220 forte
396 2157 509 2220 diebus
533 2154 849 2239 Carthaginiensium
877 2155 977 2239 legati
999 2173 1071 2219 xxx
1091 2173 1123 2222 19

58 2245 299 2328 superveniunt,
321 2245 426 2328 magis
450 2245 589 2310 obsessis
613 2244 768 2308 solacium
786 2265 882 2326 quam
902 2243 1070 2308 auxilium:

58 2333 177 2415 quippe
204 2332 380 2396 domestico
412 2333 498 2396 bello
526 2331 651 2397 Poenos
683 2331 822 2414 inpediri
853 2353 912 2395 nec
945 2332 984 2395 de
1011 2332 1070 2394 inr-

57 2420 157 2504 perio,
180 2419 236 2484 sed
258 2441 317 2503 pro
341 2421 444 2485 salute
467 2420 618 2485 dimicare
641 2419 846 2485 nuntiabant.
876 2417 1070 2503 Syracusani
1089 2439 1123 2488 20

56 2512 128 2571 tur'n
142 2507 287 2571 Africam
309 2508 448 2572 urebant
468 2512 501 2572 et
518 2508 606 2574 haud
623 2509 735 2590 procul
749 2506 957 2592 Carthaginis
971 2506 1071 2571 muris

56 2596 246 2660 locaverant
273 2600 387 2662 castra.
431 2595 508 2661 Non
535 2600 645 2661 tamen
667 2596 812 2660 defecere
835 2595 951 2658 animis
975 2593 1072 2678 Tyrii,

63 2704 260 2767 quamquam
279 2684 319 2748 ab
337 2685 465 2768 ingenti
483 2705 539 2766 spe
559 2684 704 2747 destituti
723 2686 824 2765 erant,
846 2683 902 2747 sed
918 2682 1072 2766 coniuges

56 2771 240 2854 liberosque
270 2772 470 2836 devehendos
498 2769 729 2855 Carthaginem
755 2771 971 2854 tradiderunt,
1008 2771 1071 2835 for-

56 2860 137 2942 tius,
174 2859 329 2944 quidquid
364 2860 536 2943 accideret,
572 2860 682 2942 laturi,
719 2859 746 2923 si
784 2859 984 2923 carissimam
1022 2859 1072 2923 sui

56 2950 184 3031 partem
220 2955 310 3012 extra
344 2952 463 3013 sortem
496 2948 630 3030 periculi
664 2947 842 3013 communis
873 2947 1070 3011 habuissent.

57 3033 203 3117 Cumque
224 3057 309 3100 unus
332 3057 349 3101 a
368 3037 490 3101 civibus
508 3036 543 3100 in
560 3036 708 3101 contione
722 3035 904 3119 indicasset,
928 3036 1071 3101 oblatam
1090 3056 1123 3103 21

57 3143 137 3186 esse*
152 3143 210 3206 per
231 3145 379 3188 somnum
404 3124 466 3189 sibi
489 3125 628 3209 speeiem
646 3124 816 3207 Apollinis,
838 3146 935 3208 quem
955 3123 1072 3189 eximia

56 3210 215 3294 religione
237 3213 392 3296 colerent,
414 3212 528 3278 urbem
550 3213 736 3296 deserentis,
758 3214 938 3296 molemque
961 3234 981 3277 a
1002 3212 1071 3277 Ma·

58 3298 235 3365 cadonibus
265 3301 300 3364 in
331 3300 400 3365 salo
431 3301 550 3366 iactam
581 3302 617 3366 in
649 3301 827 3366 silvestrem
854 3302 974 3367 saltum
1001 3322 1071 3366 esse

57 3390 231 3451 mutatam:
264 3409 458 3474 quamquam
481 3393 593 3455 auctor
615 3389 694 3455 levis
717 3392 798 3471 erat,
820 3393 931 3454 tamen
953 3390 994 3454 ad
1018 3390 1070 3455 de·
1090 3410 1124 3458 aa

56 3475 178 3540 teriora
207 3475 364 3541 credenda
392 3479 489 3561 proni
507 3483 606 3544 metu
633 3498 731 3542 aurea
759 3481 874 3542 eatena
901 3477 1076 3542 devinxere-

57 3563 266 3630 simulacrum
302 3586 440 3650 araeque
461 3564 640 3653 Herculis,
674 3566 769 3632 cuius
800 3566 941 3630 numum
967 3565 1100 3624 uisam
