2370 3834
127 159 191 222 110
499 157 532 223 Q.
551 154 662 214 cuum
681 158 768 214 unul

125 303 225 368 animi
256 303 373 367 iniisset
404 302 445 367 ad
474 302 645 386 praelium,
680 306 839 386 quantum
867 304 909 368 ad
935 303 1142 386 parricidium

124 392 240 457 fuerat
275 389 424 475 Namque
447 394 480 454 et
501 411 635 456 numere
658 391 788 456 barbari
809 392 1023 475 praestabant
1040 395 1074 456 et
1092 414 1142 458 ro·

124 480 216 544 bore:
254 479 295 542 ad
326 479 388 544 hoc
419 478 532 543 refecti
564 498 637 543 cum
668 476 814 564 inligatis
840 482 1003 545 certamen
1029 480 1142 544 inituri

73 589 108 638 14
126 570 226 631 erant.
276 565 339 632 Sed
367 586 486 631 nomen
512 565 687 631 Alexandri
716 571 749 631 et
775 567 875 651 fama
902 567 1080 633 maximum
1106 569 1141 632 in

124 655 211 719 bello
245 655 355 738 utique
387 658 600 738 momentum,
634 654 769 738 pavidos
801 656 837 719 in
867 655 982 739 fugam
1015 656 1141 721 avertit.

73 763 107 812 15
125 741 244 806 Bessus
275 763 351 807 uero
384 745 418 807 et
446 743 546 807 ceteri
575 742 727 808 facinoris
755 743 823 808 eius
849 743 1025 827 participes
1053 743 1166 809 vehi-3

125 831 232 894 culum
264 827 362 895 Darei
398 830 541 895 adsecuti
578 834 752 915 coeperunt
786 830 911 895 hortari
942 850 1030 914 eum,
1064 852 1141 896 con·

74 939 107 989 rc
127 919 293 985 scanderet
320 940 438 1003 equum
465 922 499 982 et
523 939 557 983 se
579 919 668 984 hosti
688 919 768 1004 fuga
791 919 937 1002 eriperet.
981 917 1040 982 Ille
1060 919 1141 984 deos

126 1007 247 1071 ultores
279 1006 391 1071 adesse
422 1009 561 1070 testatur
592 1010 625 1070 et
647 1005 823 1071 Alexandri
849 1006 946 1070 fidem
973 1007 1141 1090 inplorans

125 1098 225 1178 negat
247 1115 282 1158 se
303 1093 479 1178 parricidas
502 1094 583 1159 velle
606 1095 762 1159 comitari.
798 1092 881 1158 Tum
901 1114 978 1159 vero
996 1094 1045 1158 ira
1059 1114 1141 1178 quo

26 1214 31 1219 ·
126 1202 187 1264 que
219 1183 345 1247 accensi
376 1182 443 1246 tela
474 1181 637 1246 coniciunt
665 1183 700 1246 in
727 1202 836 1267 regem
863 1182 1037 1266 multisque
1060 1202 1141 1247 con·

74 1289 106 1337 1⁵1
125 1271 250 1333 fossum
280 1269 466 1334 vulneribus
497 1269 694 1353 relinquunt.
746 1270 895 1334 Iumenta
927 1288 1069 1354 quoque,
1098 1289 1142 1335 ne

125 1357 255 1441 longius
278 1356 429 1442 prosequi
451 1361 598 1441 possent,
621 1359 859 1423 convulnerant
881 1358 1007 1422 duobus
1026 1358 1141 1442 serus,

75 1465 107 1513 18
126 1446 182 1528 qui
203 1465 314 1528 regem
337 1446 591 1529 comitabantur,
614 1446 736 1511 occisis.
780 1445 852 1510 Hoc
878 1446 965 1510 edito
986 1445 1141 1528 facinore,

125 1536 163 1596 ut
188 1533 327 1617 vestigia
348 1532 445 1618 fugae
465 1537 672 1618 spargerent,
703 1533 911 1598 Nabarzanes
933 1532 1141 1616 Hyrcaniam,

125 1618 244 1684 Bessus
268 1619 386 1685 Bactra
414 1621 526 1704 paucis
553 1622 697 1705 equitum
724 1622 954 1686 comitantibus
976 1621 1141 1706 petebant

124 1706 261 1772 Barbari
282 1709 422 1773 ducibus
448 1710 607 1792 (lenitati,
637 1731 702 1792 qua
727 1729 885 1792 quemque
907 1712 965 1774 aut
985 1728 1061 1793 spes
1085 1709 1140 1772 du·

126 1797 222 1860 oebat
241 1800 299 1860 aut
321 1817 431 1880 pavor,
453 1797 706 1880 dissipabantur:
730 1815 754 1861 n
773 1801 901 1861 tantum
921 1797 1046 1881 equites
1063 1818 1140 1863 con-

127 1889 341 1968 gregaverant
362 1904 405 1967 se,
426 1885 542 1949 incerti
560 1884 674 1968 adhuc,
695 1885 844 1949 resistere
862 1885 976 1949 melius
994 1888 1081 1950 essct
1099 1905 1141 1949 an

75 1972 247 2056 refugere.
292 1971 475 2036 Alexander
500 1971 642 2036 hostium
667 1973 882 2057 trepidatione
906 1977 1062 2056 conperta
1083 1972 1140 2039 Ni-

127 2080 277 2124 canorem
311 2077 385 2124 cum
416 2060 561 2143 equitum
591 2064 683 2143 parte
715 2061 756 2124 ad
787 2060 996 2124 inhibendam
1028 2061 1142 2146 fugam

127 2147 260 2211 emittit:
287 2147 358 2230 ipse
381 2168 456 2212 cum
481 2148 599 2212 ceteris
629 2148 781 2232 sequitur.
830 2147 907 2212 Tria
928 2149 1029 2212 ferme
1052 2149 1143 2213 milia

125 2235 310 2299 resistentia
332 2235 438 2300 occisa
456 2240 541 2319 sunt,
562 2236 721 2319 reliquum
740 2256 857 2322 agmen
875 2235 1034 2319 pecudum
1051 2256 1142 2301 more

126 2323 284 2386 intactum
312 2323 470 2407 agebatur
493 2323 624 2389 iubente
646 2326 735 2408 re'ge,
766 2327 804 2388 ut
826 2323 976 2387 caedibus
999 2324 1142 2388 abstine·

73 2429 108 2480 ao
126 2413 229 2474 returr:
267 2407 371 2475 Nemo
400 2411 604 2495 captivorum
635 2415 718 2494 erat,
749 2412 805 2497 qui
833 2414 1014 2476 monstrare
1042 2409 1142 2477 Darei

126 2498 309 2563 vehiculum
344 2502 468 2581 posset:
509 2499 651 2584 singula,
686 2502 724 2563 ut
758 2519 903 2582 quaeque
937 2499 1143 2584 prenderent,

127 2586 367 2670 scrutabantur,
397 2606 456 2650 nec
482 2589 593 2651 tamen
613 2588 716 2651 ullum
738 2587 912 2671 vestigium
934 2587 1031 2671 fugae
1053 2588 1141 2672 regis

74 2697 107 2744 21
127 2675 267 2739 extabat.
298 2673 518 2739 Festinantem
532 2673 753 2739 Alexandrum
768 2675 824 2738 vix
840 2692 879 2738 111
892 2675 982 2738 milia
995 2676 1142 2758 equitum

125 2766 294 2845 persecuta
320 2767 405 2826 sunt.
454 2762 501 2827 At
526 2763 560 2826 in
583 2784 651 2846 eos,
683 2763 739 2846 qui
768 2763 887 2827 lentius
916 2763 1142 2848 sequebantur,

74 2871 107 2919 ra
126 2850 313 2914 incidebant
333 2851 483 2915 universa
504 2851 698 2935 fugientium
720 2851 859 2935 agmina.
903 2848 967 2914 Vix
989 2850 1142 2917 credibile

127 2938 228 3020 dictu,
255 2938 364 3020 plures
387 2938 504 3022 captivi
527 2960 637 3023 quam,
659 2938 715 3022 qui
737 2941 902 3021 caperent,
924 2940 1030 3002 erant:
1061 2939 1142 3004 adeo

127 3047 256 3090 omnem
282 3046 412 3090 sensum
433 3027 554 3090 territis
576 3026 708 3091 fortuna
729 3027 859 3110 penitus
882 3030 1079 3111 excusserat,
1105 3031 1144 3091 ut

126 3133 185 3177 nec
212 3113 355 3178 hostium
381 3115 577 3198 paucitatem
603 3134 662 3177 nec
684 3114 922 3180 multitudinem
947 3134 1039 3179 suam
1062 3115 1144 3180 satis

126 3205 303 3265 cernerent.

75 3309 107 3358 aa
215 3289 350 3354 Interim
363 3289 533 3372 iumenta,
563 3309 645 3372 quae
672 3288 814 3355 Dareum
842 3290 1018 3372 vehebant,
1049 3290 1185 3356 nullod

126 3381 259 3462 regente
286 3377 491 3441 decesserant
516 3377 648 3440 militari
674 3378 728 3441 via
755 3382 788 3443 et
815 3399 920 3444 errore
948 3379 1056 3443 delata
1082 3399 1143 3462 per

125 3469 282 3544 quattuor
308 3465 414 3528 stadia
444 3465 479 3528 in
512 3464 649 3548 quadam
680 3466 764 3529 valle
791 3467 1016 3550 constiterant,
1048 3470 1143 3532 aestu

126 3549 275 3631 'mulque
303 3553 497 3621 vulneribus
520 3551 671 3641 fatigata.
711 3552 812 3619 Haud
828 3555 945 3639 procul
964 3558 1034 3618 erat
1055 3554 1143 3637 fons,
