2370 3834
246 167 500 226 EISTORIARUM
517 165 734 224 ALEXANDRI
752 165 826 237 VIII,
844 173 869 223 4.
889 171 914 222 t.
1024 163 1087 230 197

80 312 161 379 satis
187 315 284 379 cauta
309 313 491 378 mortalitas
519 317 578 377 est.
627 311 742 396 Itaque
773 311 842 395 ille,
875 311 929 396 qui
957 331 1090 376 uxorem
1109 321 1144 371 aa

79 399 192 485 Darei,
219 400 274 486 qui
301 399 379 466 duas
402 400 485 465 filias
507 400 667 484 virgines,
696 400 813 483 quibus
835 398 942 464 forma
963 401 1092 482 praeter

79 488 235 555 Roxanen
249 488 420 572 conparari
434 489 525 554 nulla
539 492 677 572 poterat,
689 487 776 552 haud
791 486 855 552 alio
871 487 979 552 animo
994 507 1090 571 quam

79 576 225 660 parentis
253 576 459 661 adspexerat,
486 581 564 643 tune
586 577 621 641 in
649 597 792 642 amorem
813 575 1034 660 virgunculae,
1062 575 1091 640 si
1127 612 1131 616 ·

79 665 189 749 regiae
207 665 302 750 stirpi
320 669 565 749 conpararetur,
585 664 740 750 ignobilis
763 664 810 728 ita
829 664 948 728 effusus
968 667 1032 748 est,
1055 666 1092 728 ut

80 752 201 819 diceret
227 754 267 818 ad
294 753 523 819 stabiliendum
550 772 687 837 regnum
714 752 891 837 portinere,
917 751 1033 817 Persas
1058 754 1091 815 et

79 839 273 908 Macedones
296 841 434 909 conubIo
457 843 563 926 iungi:
588 841 650 906 hoc
672 863 736 906 uno
760 839 857 906 modo
880 844 913 905 et
935 839 1090 923 pudorem

80 929 174 995 uictis
192 934 226 995 et
246 930 431 1014 superbiam
449 930 627 996 victoribus
645 928 773 994 detrahi
790 949 895 1012 posse.
927 928 1089 992 Achillem
1108 938 1143 988 ao

81 1039 221 1103 quoque,
256 1040 276 1083 a
308 1040 372 1102 quo
404 1039 506 1104 genus
537 1020 608 1102 ipse
640 1016 823 1097 deduceret,
858 1037 931 1081 cum
963 1016 1091 1099 captiva

81 1105 193 1172 coisse.
236 1104 287 1171 Ne
309 1106 423 1173 inferri
445 1106 537 1172 nefas
561 1106 750 1190 arbItretur,
777 1105 868 1169 illam
891 1104 1091 1169 matrimonii

80 1192 150 1258 iuro
170 1193 255 1259 velle
277 1195 377 1280 iungi.
421 1193 591 1280 Insperato
624 1194 741 1280 gaudio
770 1194 876 1258 laetus
903 1194 997 1275 pater
1025 1214 1090 1258 ser·
1109 1203 1143 1255 27

80 1302 210 1347 monem
232 1282 301 1348 eius
324 1283 452 1366 excipit.
496 1283 541 1348 llt
563 1305 619 1347 rex
646 1283 680 1347 in
704 1281 809 1347 medio
833 1279 1020 1365 cupiditatis
1044 1303 1090 1346 ar·

80 1367 158 1435 dore
184 1370 278 1435 iussit
308 1370 428 1436 adferri
459 1371 566 1454 patrio
598 1392 687 1435 more
718 1391 836 1454 panem
863 1405 905 1418 -
932 1369 995 1434 hoc
1022 1372 1093 1434 erat

81 1457 165 1542 apud
191 1455 384 1524 Macedonas
412 1458 653 1523 sanctissimum
681 1459 865 1524 coeuntium
892 1457 1025 1542 pignus,
1052 1494 1087 1504 —
1130 1459 1137 1470 '

81 1566 176 1629 quem
198 1545 339 1612 divisum
361 1546 473 1631 gladio
491 1551 627 1630 uterque
649 1545 782 1612 libabat.
820 1543 924 1610 Credo
943 1567 1013 1630 eos,
1036 1546 1092 1630 qui
1110 1555 1143 1605 28

82 1634 188 1717 gentis
205 1655 310 1700 mores
325 1634 545 1719 condiderunt,
562 1655 661 1718 parco
677 1637 710 1698 et
727 1632 868 1717 parabili
885 1634 974 1698 victu
988 1637 1092 1698 osten·

81 1721 155 1787 dere
172 1722 317 1789 voluisse
338 1723 548 1809 iungentibus
568 1744 660 1806 opes,
684 1721 841 1808 quantulo
860 1722 1004 1786 contenti
1023 1742 1092 1786 esse

81 1809 243 1876 deberent
274 1811 346 1877 Hoc
359 1813 455 1877 modo
473 1832 530 1876 rex
543 1808 641 1875 Asiae
661 1813 694 1875 et
706 1810 857 1893 Europae
873 1809 1089 1875 introductam
1110 1820 1144 1869 29

81 1897 167 1964 inter
198 1899 382 1965 convivales
417 1899 511 1964 ludos
545 1897 753 1964 matrimonio
786 1897 850 1963 sibi
882 1897 1043 1982 adiunxit,
1075 1920 1092 1962 e

82 1987 209 2070 captiva
233 1988 414 2072 geniturus,
438 1988 494 2072 qui
516 1986 693 2052 victoribus
716 1987 901 2070 imperaret.
944 1984 1093 2051 Pudebat
1111 1996 1145 2046 30

82 2073 217 2158 amicos,
253 2096 349 2159 super
379 2077 492 2142 vinum
525 2078 557 2141 et
584 2075 697 2159 epulas
729 2096 875 2141 socerum
909 2096 946 2138 ex
975 2073 1092 2139 deditis

83 2181 153 2229 esse
175 2162 346 2246 delectum,
369 2164 424 2229 sed
446 2167 522 2247 post
540 2161 620 2229 Cliti
639 2163 770 2229 caedem
789 2163 941 2228 libertate
965 2162 1094 2228 sublata

82 2249 189 2334 vultu,
212 2251 267 2334 qui
289 2251 429 2316 maxime
452 2251 569 2334 servit,
591 2250 866 2317 adsentiebantur.

517 2408 597 2476 Oua.
619 2409 659 2474 V.

33 2510 73 2576 17
170 2512 320 2580 Ceterum
347 2514 474 2605 Indiam
501 2518 534 2580 et
560 2513 634 2580 inde
662 2513 825 2580 Oceanum
851 2515 1025 2599 petiturus,
1051 2525 1126 2581 nel

84 2600 161 2686 quid
183 2606 327 2689 atorgo,
350 2604 437 2688 quod
454 2602 617 2669 destinata
636 2601 781 2687 inpedire
803 2607 926 2688 posset,
949 2623 1091 2667 movere·

83 2692 151 2774 tur,
176 2711 215 2755 ex
242 2691 393 2758 omnibus
419 2689 593 2776 provinciis
620 2708 695 2756 xxx
722 2690 812 2757 milia
839 2691 1001 2755 iuniorum
1027 2692 1092 2776 legi

82 2776 178 2843 iussit
195 2783 228 2844 et
246 2778 287 2844 ad
306 2801 341 2846 se
357 2783 483 2846 armata
501 2778 641 2864 perduci,
659 2778 787 2844 obsides
807 2778 903 2844 simul
920 2779 1091 2849 habiturus

84 2869 117 2931 et
129 2866 258 2934 milites.
288 2865 458 2936 Craterum
472 2871 582 2934 autem
597 2867 638 2932 ad
650 2866 888 2952 persequendos
902 2866 1092 2933 Haustanen
1111 2877 1127 2926 2

83 2958 117 3019 et
144 2952 299 3041 Catanen,
331 2957 391 3042 qui·
419 2958 460 3023 ab
492 2957 564 3040 ipso
591 2954 788 3040 defecerant,
820 2955 923 3021 misit:
957 2977 1093 3040 quorum

82 3038 268 3109 Haustanes
280 3049 396 3130 eaptus
410 3049 470 3130 est,
488 3042 624 3110 Catanes
639 3044 674 3109 in
691 3045 815 3128 proella
831 3044 963 3110 occisus.
995 3044 1093 3130 Poly-

82 3131 1128 3315 illilulbllgilfflilli:sitiniilwillpliiilloulda

82 3305 190 3374 tiones
215 3309 250 3374 in
277 3309 401 3376 bellum
424 3308 570 3376 Indicum
597 3309 704 3375 vertit.
748 3307 849 3374 Dives
877 3310 968 3395 regio
996 3311 1092 3376 habe·
1137 3367 1141 3372 .

82 3393 179 3462 batur
196 3418 262 3464 non
279 3419 358 3464 auro
378 3398 487 3482 modo,
509 3397 565 3464 sed
588 3398 725 3482 gemmis
748 3419 876 3483 quoque
894 3399 1096 3483 margaritis*

82 3503 158 3569 (1¹¹0,
189 3484 231 3551 ad
262 3484 374 3588 luxum
401 3487 508 3573 magis
539 3507 637 3571 quam
664 3486 706 3552 ad
736 3486 1027 3580 magnificentiam
1048 3507 1105 3542 aa

81 3571 179 3639 culta
210 3572 322 3662 Periti,
339 3574 503 3645 militares
520 3597 604 3643 auro
619 3578 656 3642 a
673 3575 780 3641 ebore
790 3561 1141 3667 imperassem.
1155 3569 1173 3604 r-
