2356 3846
238 163 494 221 HISTORJARUM
511 164 726 220 sermnem
744 165 795 236 ru,
815 172 840 222 e.
859 171 884 222 e.
1026 166 1071 232 49

54 315 126 377 tum
150 309 338 396 peregrinos
360 309 442 374 ritus
460 330 546 374 nora
564 309 721 374 subeunte
738 309 879 376 fortune„
911 308 974 376 Per
986 313 1070 377 telos

56 399 143 464 enim
166 398 321 482 spirantis
343 398 414 463 lora
435 398 569 463 traiecta
590 401 669 463 sunt
690 399 922 484 religatumque
941 399 982 464 sd
998 421 1070 465 cur-

55 508 129 552 rum
151 490 278 552 traxere
300 487 385 551 circe
402 486 515 551 urbem
534 486 608 570 equi
627 486 787 572 gloriante
804 508 890 574 rege,
912 487 1071 573 Achillen,

55 574 845 747 lqlletlutlldltztltitillat
863 597 1071 749 mittit
1089 686 1126 736 30

56 752 142 816 circa
164 768 189 816 x
205 751 304 836 milia,
325 773 386 816 nec
401 744 631 817 Macedombus
653 751 823 817 incruenta
844 752 980 817 victorie
1001 753 1071 818 fuit.

56 838 193 905 Obsidio
220 843 305 904 certe
331 843 493 905 nontam
520 840 667 904 claritate
698 840 787 905 urbis
814 840 987 905 nobilitate
1014 845 1072 926 est,

56 949 170 1013 quam·
185 929 350 1012 geminata
378 928 520 1012 periculo
547 928 642 1014 regis.
688 927 750 1004 Qui
772 928 960 1014 Aegyptum
984 928 1070 994 adire

56 1015 216 1080 festinans
239 1017 407 1100 Amyntan
434 1037 506 1080 cum
535 1033 559 1080 x
580 1016 764 1082 triremibus
792 1017 827 1081 in
849 1015 1071 1081 Macedoniam

56 1105 99 1170 ad
134 1104 378 1188 inquisitionem
414 1125 571 1169 novcmm
604 1105 743 1170 militum
773 1104 870 1170 misit.
923 1103 1071 1189 Namque
1089 1126 1123 1176 31

57 1193 156 1257 etiam
179 1192 327 1258 secundis
349 1191 571 1257 atterebantur
592 1197 701 1258 temen
719 1194 839 1277 copiae,
862 1193 1071 1258 devictarum·

56 1301 154 1434 pppm
144 1281 288 1366 gentium
311 1281 406 1346 militi
429 1281 533 1346 minor
556 1303 653 1366 quem
676 1281 851 1347 domestico
874 1282 954 1347 fides
974 1282 1071 1347 hebe-

478 1525 557 1592 Onr.
579 1526 651 1592 VIL

10 1620 47 1684 29
146 1631 314 1718 Aegyptii,
344 1631 423 1697 olim
445 1631 615 1697 Persarum
643 1634 759 1715 opibus
782 1634 922 1717 infensi,
954 1636 1106 1719 quippe1

57 1740 154 1785 arare
178 1723 212 1785 et
233 1719 368 1804 superbe
391 1721 610 1804 imperitatum
636 1722 699 1785 sibi
720 1743 792 1786 esse
815 1722 1002 1806 credebant,
1032 1723 1073 1788 sd

57 1828 149 1892 spem
189 1807 345 1873 adventus
382 1809 450 1873 eius
487 1813 654 1874 erexerant
690 1809 828 1893 animos,
869 1814 981 1911 utpcte
1017 1812 1072 1894 qui

56 1895 235 1979 Arnyntsm
259 1916 384 1980 quoque
405 1897 610 1982 transfugam
633 1900 757 1962 etcum
775 1898 918 1981 precario
937 1900 1072 1982 rmperio

56 1985 241 2049 venientem
270 1985 348 2049 lacti
374 1986 579 2068 recepissent.
627 1983 732 2070 Igitur
754 1985 870 2071 ingens
899 1987 1107 2073 multitudou

57 2072 233 2156 Pelusium,
256 2093 320 2156 qua
335 2073 513 2137 intraturus
527 2073 704 2157 ridebatur,
726 2077 929 2139 convenerat.
964 2074 1072 2159 Atque

56 2160 274 2244 illeseptimo
297 2159 362 2243 die,
384 2165 555 2245 postquem
578 2182 598 2225 e
620 2159 707 2225 Gaza
729 2163 838 2245 copias
860 2165 1015 2246 moverat,
1038 2163 1072 2226 in

57 2249 227 2334 regionem
253 2248 412 2333 Aegypti,
443 2269 539 2332 quam
570 2270 660 2317 nunc¹
683 2252 790 2314 eastra
815 2248 991 2314 Alexandri
1017 2272 1072 2316 ro·

58 2342 145 2422 cant,
167 2337 320 2420 pervenit.
351 2335 475 2400 Deinde
497 2337 699 2421 pedestribus
722 2338 823 2421 copiis
837 2337 1000 2402 Pelusium
1018 2357 1107 2422 pes

57 2428 128 2490 tere
156 2424 253 2489 iussis
282 2424 351 2508 ipse
382 2446 454 2488 curn
484 2424 632 2508 expedite
659 2426 853 2490 delectorum
875 2447 974 2490 manu
995 2425 1072 2491 Nilo

59 2534 154 2578 smne
176 2517 286 2578 vectus
314 2515 372 2577 est.
416 2511 485 2576 Neo
508 2513 688 2577 sustinuere
711 2514 885 2578 adventum
907 2516 976 2579 eius
998 2513 1072 2578 Per·

59 2622 123 2686 sae,
146 2601 324 2666 defectione
347 2621 474 2685 quoque
496 2601 667 2683 perterriti.
700 2600 833 2685 Iamque
854 2601 941 2665 hund
959 2604 1072 2685 procul
1090 2622 1108 2669 4

59 2688 206 2774 Memphi
219 2693 301 2754 erut:
323 2689 359 2753 in
372 2690 463 2753 cuius
476 2689 636 2771 praesidio
649 2688 805 2773 Mazaces,
822 2693 953 2773 praetor
966 2688 1072 2774 Darei,

59 2778 191 2842 relictus
208 2779 252 2843 ad
263 2777 453 2843 Uercaecron
471 2797 565 2840 amne
584 2780 735 2860 superato
749 2777 937 2863 octingenta
949 2779 1074 2843 talenta

60 2865 245 2930 Alexandro
269 2885 458 2949 omnemque
478 2865 600 2949 regiam
620 2866 851 2949 supellectilem
869 2865 1011 2932 tradidit.
1041 2867 1072 2930 A
1092 2887 1107 2935 5

59 2952 205 3038 Memphi
236 2954 347 3018 eodem
378 2953 509 3017 flumine
541 2957 650 3018 vectus
682 2954 723 3018 ad
749 2954 904 3018 interiora
930 2952 1073 3040 Aegypti

60 3045 210 3126 penetret
235 3042 480 3126 conpositisque
512 3041 607 3106 rebus
634 3042 694 3125 ita,
724 3045 763 3106 ut
790 3041 872 3106 nihil
899 3064 938 3107 ex
966 3044 1072 3128 patrio

60 3130 295 3216 Aegyptiorum
331 3151 419 3202 more
454 3132 607 3213 mutaret,
644 3129 732 3194 edire
763 3128 849 3195 Iovis
880 3130 1072 3196 Hammonis

65 3219 231 3284 oraculum
254 3217 376 3282 statuit.
414 3216 482 3282 Iter
503 3218 658 3301 expeditis
681 3239 807 3302 quoque
830 3222 863 3283 st
884 3221 995 3304 paucis
1019 3220 1107 3290 vinc

60 3306 229 3372 tolerabile
250 3304 495 3391 ingrediendum
516 3310 600 3370 erat:
629 3310 717 3370 terra
738 3308 889 3391 caeloque
916 3329 1072 3391 aquarum

60 3394 196 3478 penurie
223 3397 285 3476 cst,
314 3393 439 3460 steriles
468 3393 607 3458 harenae
636 3394 755 3478 iacent,
785 3416 866 3479 quas
889 3395 945 3460 uhi
971 3418 1071 3480 vapor

61 3484 138 3549 solis
166 3482 324 3567 accendit,
355 3481 479 3547 fervido
507 3482 576 3547 solo
604 3487 756 3548 eximente
781 3484 940 3567 uestigin,
957 3484 1078 3546 intole-

57 3571 170 3635 rabilis
199 3574 308 3638 aestus
340 3571 460 3638 existit.
505 3569 786 3658 Luctsndumque
816 3574 974 3636 estnon
994 3566 1147 3626 sotem

100 3671 194 3715 Curtius
207 3673 288 3718 Rufus.
944 3673 968 3718 q
