2356 3846
126 148 190 214 190
493 147 525 214 Q.
545 146 656 204 CURTI
674 147 760 202 RUFI

123 295 223 377 latro,
253 294 397 358 revertar
428 291 462 355 in
491 291 644 374 patriam,
675 294 712 356 ut
738 312 779 355 ne
806 290 973 357 dexteram
1004 292 1136 378 quidem

124 381 241 446 nutrici
265 380 334 444 sine
358 379 515 443 memoria
537 379 734 443 calamitatis
758 379 827 443 eius
850 379 965 444 offerre
983 381 1136 464 possim?

72 480 107 528 10
124 470 169 534 Et
200 490 272 533 cum
303 467 378 531 finis
404 465 546 531 lacrimis
574 466 786 550 querellisque
813 488 880 531 non
906 467 1012 553 fieret,
1044 470 1137 535 iussu

74 568 105 616 11
126 559 302 623 amicorum
334 576 449 638 corpus
483 554 629 619 ablatum
658 558 717 620 est.
765 553 835 619 Rex
861 555 1007 621 triduum
1035 557 1136 623 iacuit

124 646 278 709 inclusus.
322 642 425 719 Quem
453 645 489 706 ut
516 642 667 727 armigeri
690 643 896 726 corporisque
919 645 1072 710 custodes
1096 645 1135 710 ad

125 731 326 798 moriendum
354 730 555 795 obstinatum
582 751 652 795 esse
675 734 908 814 cognoverunt,
935 733 1080 797 universi
1102 733 1136 797 in

78 827 80 832 ’
124 820 369 885 tabernaculum
392 818 582 901 inrumpunt
604 818 721 901 diuque
744 818 893 901 precibus
916 818 1066 903 ipsorum
1087 841 1136 885 re·

74 918 105 966 12
125 909 284 973 luctatum
312 927 407 991 aegre
434 906 595 988 vicerunt,
623 909 661 969 ut
685 906 793 971 cibum
816 911 953 990 caperet.
1000 907 1135 993 Quoque

124 997 230 1060 minus
254 995 361 1059 caedis
383 994 531 1078 puderet,
558 993 626 1057 iure
654 992 860 1058 interfectum
883 991 1008 1059 clitum
1030 995 1134 1060 Mace·

126 1084 223 1148 dones
247 1083 423 1147 decernunt
446 1081 611 1166 sepultura
634 1101 760 1165 quoque
783 1081 994 1166 prohibituri,
1020 1084 1057 1147 ni
1079 1104 1135 1149 rex

124 1172 253 1235 humari
275 1171 430 1235 iussisset.

73 1268 106 1318 13
212 1258 317 1341 Igitur
330 1275 354 1320 x
368 1256 480 1320 diebus
494 1255 634 1321 maxime
649 1255 690 1320 ad
704 1256 959 1321 confirmandum
977 1258 1133 1342 pudorem
1148 1261 1163 1324 l

126 1344 211 1429 apud
233 1343 427 1409 Maracanda
454 1344 652 1426 consumptis
677 1365 749 1408 cum
771 1348 865 1427 parte
888 1347 1050 1413 exercitus
1072 1346 1135 1412 He·

124 1433 351 1518 phaestionem
364 1431 399 1496 in
412 1431 578 1516 regionem
591 1430 798 1496 Bactrianam
815 1432 915 1516 misit,
933 1439 1134 1500 commeatus

72 1531 106 1580 14
125 1522 158 1584 in
180 1522 320 1584 hiemem
342 1523 540 1602 paraturum.
586 1518 689 1595 Quam
713 1518 799 1584 Clito
823 1523 897 1584 ante
915 1520 1136 1588 destinaverat

124 1608 336 1692 provinciam,
367 1605 529 1690 Amyntae
561 1606 663 1670 dedit:
694 1607 764 1690 ipse
795 1605 944 1691 Xenippa
976 1611 1134 1692 pervenit

125 1696 277 1780 Scythiae
307 1696 441 1761 confinis
469 1698 520 1758 est
546 1694 635 1778 regio
662 1694 892 1778 habitaturque
919 1697 1070 1779 pluribus
1098 1719 1134 1762 ac

124 1784 347 1868 frequentibus
369 1783 463 1866 vicis,
490 1782 567 1865 quia
594 1782 725 1847 ubertas
747 1786 852 1847 terrae
873 1804 941 1847 non
962 1784 1134 1869 indigenas

73 1881 105 1931 15
124 1871 220 1937 modo
238 1871 368 1954 detinet,
388 1870 444 1935 sed
459 1870 558 1934 etiam
573 1869 713 1935 advenas
726 1871 853 1935 invitat.
884 1869 1134 1937 Bactrianorum

124 1960 268 2042 exulum,
298 1959 354 2043 qui
385 1958 426 2022 ab
453 1958 637 2022 Alexandro
666 1957 864 2040 defecerant,
894 1961 1134 2043 receptaculum

123 2047 239 2112 fuerat.
276 2044 338 2110 Sed
356 2049 529 2129 postquam
547 2065 657 2129 regem
675 2045 848 2111 adventare
866 2050 1059 2130 conpertum
1076 2053 1135 2130 est,

124 2134 210 2219 pulsi
234 2135 275 2198 ab
293 2133 408 2198 incolis
427 2168 469 2178 —
488 2150 515 2196 11
532 2133 624 2197 milia
641 2132 709 2198 fere
728 2137 762 2197 et
778 2151 804 2197 n
822 2169 865 2180 -—
884 2141 1134 2219 congregantur.

72 2233 105 2281 16
125 2221 244 2286 Omnes
273 2222 398 2302 equites
429 2224 535 2302 erant,
567 2221 667 2285 etiam
693 2221 729 2284 in
760 2243 839 2304 pace
866 2222 1048 2288 latrociniis
1080 2224 1134 2289 ad·

125 2309 225 2375 sueti:
263 2311 332 2372 tum
368 2307 490 2372 ferocia
522 2308 654 2393 ingenia
684 2329 750 2372 non
781 2309 903 2374 bellum
935 2311 1046 2396 modo,
1078 2311 1135 2377 sed

124 2397 224 2463 etiam
255 2396 368 2460 veniae
400 2395 584 2478 desperatio
615 2395 813 2461 efferaverat.
866 2396 982 2482 Itaque
1014 2419 1054 2464 ex
1085 2400 1135 2464 in·

123 2486 254 2570 proviso
287 2483 392 2548 adorti
420 2481 614 2567 Amyntam,
644 2487 829 2566 praetorem
856 2483 1047 2570 Alexandri,
1079 2488 1135 2552 diu

73 2584 242 2656 manceps
275 2572 433 2656 proelium
464 2572 620 2636 fecerant:
653 2572 693 2637 ad
724 2572 877 2637 ultimum
903 2589 973 2640 nco
1001 2596 1134 2640 suorum

125 2662 262 2743 amissis,
280 2682 417 2744 quorum
436 2676 498 2726 ccc
517 2660 622 2725 hostis
642 2660 737 2744 cepit,
759 2659 874 2725 dedere
892 2665 986 2745 terga
1004 2663 1134 2728 victori·

123 2750 194 2831 bus,
216 2748 302 2812 haud
326 2769 403 2812 sane
426 2746 534 2830 inulti,
557 2748 676 2832 quippe
694 2765 789 2812 nm
806 2746 1019 2814 Macedonum
1037 2751 1135 2817 inter·

124 2835 272 2900 fecerunt
297 2840 487 2919 praeterque
517 2855 572 2900 eos
600 2851 662 2900 ccc
690 2840 724 2900 et
750 2853 772 2899 n
805 2837 906 2901 saucii
936 2836 1017 2902 facti
1050 2843 1135 2904 sunt.

73 2933 105 2982 18
125 2921 261 2986 Veniam
284 2926 395 2987 tamen
418 2923 518 2987 etiam
540 2925 615 3005 post
637 2922 773 2987 alteram
796 2922 1011 2989 defectionem
1034 2927 1135 3011 impe·

123 3013 302 3075 traverunt.

73 3108 105 3156 19
212 3094 275 3159 His
293 3096 327 3160 in
345 3096 441 3161 fidem
460 3097 599 3181 acceptis
617 3097 652 3160 in
669 3098 849 3182 regionem,
870 3121 968 3183 quam
985 3099 1019 3166 N
1020 3100 1161 3167 autacaS

125 3183 299 3267 appellant,
321 3206 379 3248 rex
402 3206 474 3249 cum
496 3189 567 3249 toto
589 3184 730 3249 exercitu
751 3187 848 3250 venit.
890 3185 1045 3273 Satrapes
1064 3194 1133 3256 erat

125 3270 327 3336 Sisimithres
348 3271 473 3372 duobus
496 3294 535 3336 ex
558 3293 617 3337 sua
635 3275 739 3373 matre
760 3272 838 3338 filiis
858 3276 992 3359 genitis:
1016 3278 1134 3362 quippe

64 3459 105 3507 20
118 3382 168 3512 tl
169 3359 330 3513 latr?
332 3359 689 3533 ltlttlalttt
691 3363 954 3534 diphili?
956 3363 1134 3519 ⁸111de

105 3557 199 3602 mum
231 3539 376 3626 cogitur,
407 3536 519 3606 valido
547 3537 752 3605 munimento
779 3541 957 3618 saepserat
990 3539 1135 3603 reseres
