2356 3846
97 156 142 220 40
473 154 504 220 Q.
524 155 635 211 CURTI
651 155 739 211 RUFI

98 302 295 384 dicaverant,
326 301 489 365 inseruere
515 300 692 384 vinculum,
724 302 815 386 quasi
842 301 898 366 illo
925 302 985 367 deo
1008 300 1114 386 Apol·

96 391 196 455 linem
220 393 395 454 retenturo.
441 386 608 471 Syracusis
632 388 665 452 id
680 388 895 458 simulacrum
917 390 1115 456 devexerant

96 477 198 543 Poeni
226 481 259 542 et
285 478 321 542 in
348 477 469 542 maiore
495 477 682 542 locaverant
708 477 813 561 patria
834 478 1009 563 multisque
1039 479 1113 544 aliis

99 567 210 650 spoliis
240 565 369 631 urbium
401 587 420 629 a
452 569 553 630 semet
584 567 752 648 captarum
782 587 851 631 non
879 565 1112 652 Carthaginem

45 655 202 739 armagis
226 676 321 738 quam
335 654 456 737 Tyrum
478 658 680 719 ornaverant.
717 651 850 719 Sacrum
863 676 1000 740 quoque,
1024 655 1113 739 quod

98 743 244 827 equidem
268 743 317 806 dis
339 743 472 807 minime
495 742 583 807 cordi
607 763 675 807 esse
693 743 889 827 crediderim,
912 745 1025 808 multis
1043 764 1113 808 sae·

98 832 177 897 culis
213 831 432 896 intermissum
467 830 634 914 repetendi
669 834 815 896 auctores
847 831 978 915 quidam
1009 835 1113 915 erant,

98 923 135 983 ut
165 920 325 1004 ingenuus
352 940 433 1003 puer
459 916 603 983 Saturno
634 919 868 984 immolaretur:
900 919 986 1004 quod
1014 920 1112 985 saeri-

98 1008 218 1092 legium
245 1007 351 1072 verius
378 1029 476 1091 quam
503 1028 629 1072 sacrum
652 1005 935 1093 Carthaginienses
960 1029 980 1072 a
1002 1007 1113 1073 condi·

97 1095 222 1161 toribus
244 1095 399 1161 traditum
421 1116 523 1179 usque
546 1095 587 1160 ad
610 1095 768 1162 excidium
789 1095 879 1160 urbis
902 1117 980 1161 suae
996 1095 1113 1161 fecisse

98 1184 255 1248 dicuntur.
301 1182 350 1248 Ac
377 1184 442 1248 nisi
469 1184 610 1249 seniores
634 1182 847 1267 obstitissent,
878 1206 1016 1268 quorum
1039 1205 1113 1249 con·

20 1335 23 1340 .
99 1272 170 1337 silio
201 1274 318 1337 cuncta
345 1272 538 1356 agebantur,
568 1272 804 1336 humanitatem
832 1272 901 1337 dira
924 1272 1114 1356 superstitio

45 1361 236 1428 1411111111.
282 1358 432 1424 (letarum
458 1359 617 1424 efficacior
642 1361 731 1425 omni
753 1364 822 1425 arte
844 1361 1021 1426 necessitas
1043 1361 1156 1428 1101111

99 1449 219 1513 usitata
241 1447 337 1512 modo
364 1448 538 1532 praesidia,
567 1447 622 1512 sed
649 1448 806 1532 quaedam
828 1449 926 1513 etiam
948 1470 1035 1514 nova
1058 1448 1113 1513 ad·

98 1537 208 1601 movit.
257 1534 404 1619 Namque
437 1535 478 1600 ad
504 1536 688 1619 inplicanda
714 1537 860 1621 navigia,
892 1558 974 1634 quae
1001 1558 1115 1602 muros

99 1624 261 1708 subibant,
284 1624 398 1689 validis
422 1624 583 1689 asseribus
604 1624 800 1707 harpopooos
819 1625 1045 1709 inligaverant,
1067 1628 1115 1709 ut,

99 1734 173 1777 cum
209 1715 373 1777 tormento
409 1734 531 1777 asseres
563 1713 812 1796 promovissent,
849 1713 957 1778 subito
993 1713 1115 1779 laxatis

46 1818 81 1868 aa
99 1800 232 1865 funibus
263 1801 429 1865 inicerent.
478 1799 563 1865 Unci
595 1822 720 1885 quoque
752 1805 786 1865 et
816 1800 914 1865 falces
942 1822 981 1864 111
1008 1801 1114 1866 isdem

100 1889 260 1953 asseribus
283 1889 501 1972 dependentes
525 1892 582 1952 aut
603 1892 859 1973 propugnatores
883 1891 940 1953 aut
961 1889 1035 1972 ipsa
1056 1911 1114 1954 na·

99 1976 338 2149 11111ἶῖ111
339 1973 783 2147 tivetltttttttzlt
785 1977 1114 2148 zelabat

47 2172 117 2222 111
149 2152 248 2217 muris
281 2151 388 2216 subito
420 2151 643 2216 devolvebant.
691 2149 759 2216 Nee
785 2152 853 2216 ulla
878 2152 979 2235 pestis
1006 2154 1114 2239 magis

98 2240 286 2305 timebatur:
314 2240 445 2324 quippe,
467 2239 524 2304 ubi
545 2239 679 2305 loricam
701 2260 880 2324 corpusque
902 2239 1033 2305 fervens
1056 2241 1114 2306 ha

99 2349 178 2393 rena
200 2331 432 2411 penetraverat,
454 2348 514 2391 nee
536 2327 603 2392 ulla
624 2327 658 2391 11
679 2329 784 2392 excuti
807 2330 936 2410 poterat
955 2331 998 2412 11,
1021 2329 1115 2414 quid·

100 2416 177 2500 quid
202 2415 367 2501 attigerat,
397 2416 582 2499 perurebat,
613 2415 828 2499 iacientesque
852 2437 942 2480 arma
963 2417 1115 2483 laceratis

101 2504 260 2588 omnibus,
283 2503 354 2587 quis
376 2504 504 2588 protegi
526 2507 686 2588 poterant,
709 2504 892 2568 vulneribus
910 2503 1008 2573 inulti
1022 2508 1115 2589 pate·

100 2593 193 2657 bant:
223 2591 311 2657 eorvi
337 2611 413 2656 vero
436 2595 470 2655 et
490 2590 612 2656 ferreae
635 2613 750 2656 manus
773 2595 936 2658 tormento
958 2594 1114 2659 remissae

100 2681 268 2765 plerosque
291 2680 469 2762 rapiebant.

526 2835 604 2904 011.
625 2837 684 2903 IV.

68 2966 81 3013 1
188 2943 250 3009 His
272 2966 329 3008 rex
350 2944 506 3028 fatigatus
527 2946 684 3009 statuerat
702 2946 810 3010 soluta
823 2944 990 3010 obsidione
1004 2944 1114 3033 Aegy·
1124 2942 1154 3011 ll

101 3037 193 3118 ptum
224 3036 342 3116 petere.
392 3031 517 3117 Quippe
547 3053 620 3097 eum
646 3031 759 3097 Asiam
788 3032 914 3118 ingenti
942 3035 1115 3101 velocitate

101 3122 364 3204 percucurrisset,
396 3121 480 3185 eirca
506 3143 616 3186 muros
643 3121 739 3185 unius
766 3121 855 3185 urbis
882 3121 1040 3187 haerebat
1065 3126 1116 3189 101

65 3229 82 3279 a
101 3210 312 3275 maximarum
330 3230 438 3274 rerum
454 3209 695 3293 opportunitate
709 3209 850 3274 dimissa
881 3207 1034 3275 Ceterum
1046 3214 1115 3277 tam

102 3298 262 3364 discedere
284 3298 425 3381 irritum,
453 3319 549 3381 quam
571 3298 691 3363 morari
712 3297 867 3382 pudebat,
889 3297 1012 3363 famam
1036 3320 1114 3385 que-

101 3408 176 3471 que,
206 3408 270 3471 qua
291 3387 386 3471 plura
408 3408 505 3470 quam
529 3386 626 3451 armis
649 3390 821 3471 everterat,
847 3390 937 3451 ratus
959 3386 1115 3453 leviorem

84 3473 167 3554 1111,
190 3476 226 3537 si
239 3474 359 3558 lyrani
384 3475 478 3561 quasi
493 3478 620 3561 testem,
642 3496 676 3540 se
694 3496 790 3559 posse
804 3475 898 3556 vinci,
920 3474 1115 3560 reliquisset

63 3552 183 3631 sgftur
202 3580 250 3624 ne
274 3563 358 3647 quid
381 3566 597 3652 inexpertum
620 3565 798 3650 omitteret,
814 3563 925 3648 plures
941 3583 1046 3627 naves
1059 3562 1116 3629 ad·
