<?xml version="1.0" encoding="UTF-8"?>
<!DOCTYPE html PUBLIC "-//W3C//DTD XHTML 1.0 Transitional//EN"
    "http://www.w3.org/TR/xhtml1/DTD/xhtml1-transitional.dtd">
<html xmlns="http://www.w3.org/1999/xhtml" xml:lang="en" lang="en">
 <head>
  <title>
</title>
<meta http-equiv="Content-Type" content="text/html;charset=utf-8" />
  <meta name='ocr-system' content='tesseract 3.04.00' />
  <meta name='ocr-capabilities' content='ocr_page ocr_carea ocr_par ocr_line ocrx_word'/>
</head>
<body>
  <div class='ocr_page' id='page_1' title='image "./incertiauctoris00heydgoog_0060.png"; bbox 0 0 2356 3846; ppageno 0'>
   <div class='ocr_carea' id='block_1_1' title="bbox 120 147 1053 217">
    <p class='ocr_par' dir='ltr' id='par_1_1' title="bbox 120 147 1053 217">
     <span class='ocr_line' id='line_1_1' title="bbox 120 147 1053 217; baseline 0 -12"><span class='ocrx_word' id='word_1_1' title='bbox 120 147 163 213; x_wconf 83' lang='grc'>28</span> <span class='ocrx_word' id='word_1_2' title='bbox 206 149 238 214; x_wconf 77' lang='lat' dir='ltr'>Q.</span> <span class='ocrx_word' id='word_1_3' title='bbox 249 147 360 204; x_wconf 81' lang='lat' dir='ltr'>OURTI</span> <span class='ocrx_word' id='word_1_4' title='bbox 370 149 456 205; x_wconf 78' lang='lat' dir='ltr'>aum</span> <span class='ocrx_word' id='word_1_5' title='bbox 464 147 720 204; x_wconf 81' lang='lat' dir='ltr'>HISTORIARUM</span> <span class='ocrx_word' id='word_1_6' title='bbox 728 148 944 204; x_wconf 86' lang='lat' dir='ltr'>ALEXANDRI</span> <span class='ocrx_word' id='word_1_7' title='bbox 951 149 1000 217; x_wconf 90' lang='lat' dir='ltr'>HI,</span> <span class='ocrx_word' id='word_1_8' title='bbox 1011 155 1053 206; x_wconf 84' lang='grc'>13.</span> 
     </span>
    </p>
   </div>
   <div class='ocr_carea' id='block_1_2' title="bbox 68 293 1177 3077">
    <p class='ocr_par' dir='ltr' id='par_1_2' title="bbox 68 293 1177 3077">
     <span class='ocr_line' id='line_1_2' title="bbox 121 293 1133 377; baseline 0.002 -21"><span class='ocrx_word' id='word_1_9' title='bbox 121 294 293 358; x_wconf 71' lang='lat' dir='ltr'>excedente</span> <span class='ocrx_word' id='word_1_10' title='bbox 323 293 456 358; x_wconf 84' lang='lat' dir='ltr'>fortuna</span> <span class='ocrx_word' id='word_1_11' title='bbox 487 293 650 358; x_wconf 87' lang='lat' dir='ltr'>cumulata</span> <span class='ocrx_word' id='word_1_12' title='bbox 674 295 752 357; x_wconf 87' lang='lat' dir='ltr'>tunc</span> <span class='ocrx_word' id='word_1_13' title='bbox 779 294 842 356; x_wconf 87' lang='lat' dir='ltr'>alia</span> <span class='ocrx_word' id='word_1_14' title='bbox 870 293 1024 377; x_wconf 80' lang='lat' dir='ltr'><strong>stirpibus</strong></span> <span class='ocrx_word' id='word_1_15' title='bbox 1051 293 1133 358; x_wconf 86' lang='lat' dir='ltr'>lace·</span> 
     </span>
     <span class='ocr_line' id='line_1_3' title="bbox 120 380 1132 465; baseline 0.001 -20"><span class='ocrx_word' id='word_1_16' title='bbox 120 385 205 465; x_wconf 90' lang='lat' dir='ltr'>rata,</span> <span class='ocrx_word' id='word_1_17' title='bbox 227 382 292 445; x_wconf 88' lang='lat' dir='ltr'>alia</span> <span class='ocrx_word' id='word_1_18' title='bbox 313 381 348 445; x_wconf 94' lang='lat' dir='ltr'>in</span> <span class='ocrx_word' id='word_1_19' title='bbox 370 403 504 446; x_wconf 86' lang='lat' dir='ltr'>caenum</span> <span class='ocrx_word' id='word_1_20' title='bbox 527 380 672 445; x_wconf 88' lang='lat' dir='ltr'>demersa</span> <span class='ocrx_word' id='word_1_21' title='bbox 694 381 923 446; x_wconf 74' lang='lat' dir='ltr'>cernebantur:</span> <span class='ocrx_word' id='word_1_22' title='bbox 954 402 1022 445; x_wconf 91' lang='lat' dir='ltr'>non</span> <span class='ocrx_word' id='word_1_23' title='bbox 1045 381 1132 446; x_wconf 88' lang='lat' dir='ltr'>suffi-</span> 
     </span>
     <span class='ocr_line' id='line_1_4' title="bbox 68 467 1177 553; baseline -0.002 -17"><span class='ocrx_word' id='word_1_24' title='bbox 68 488 102 538; x_wconf 72' lang='grc'>11</span> <span class='ocrx_word' id='word_1_25' title='bbox 121 469 250 533; x_wconf 86' lang='lat' dir='ltr'>ciebant</span> <span class='ocrx_word' id='word_1_26' title='bbox 282 470 506 552; x_wconf 75' lang='lat' dir='ltr'>praedantium</span> <span class='ocrx_word' id='word_1_27' title='bbox 536 489 652 533; x_wconf 88' lang='lat' dir='ltr'>manus</span> <span class='ocrx_word' id='word_1_28' title='bbox 683 469 829 551; x_wconf 87' lang='lat' dir='ltr'>praedae.</span> <span class='ocrx_word' id='word_1_29' title='bbox 873 468 1006 553; x_wconf 87' lang='lat' dir='ltr'>Iamque</span> <span class='ocrx_word' id='word_1_30' title='bbox 1034 467 1177 534; x_wconf 77' lang='lat' dir='ltr'>etiam3b</span> 
     </span>
     <span class='ocr_line' id='line_1_5' title="bbox 120 555 1133 641; baseline 0 -20"><span class='ocrx_word' id='word_1_31' title='bbox 120 557 161 621; x_wconf 89' lang='lat' dir='ltr'>ad</span> <span class='ocrx_word' id='word_1_32' title='bbox 193 579 261 635; x_wconf 90' lang='lat' dir='ltr'>eos,</span> <span class='ocrx_word' id='word_1_33' title='bbox 293 558 348 641; x_wconf 90' lang='lat' dir='ltr'>qui</span> <span class='ocrx_word' id='word_1_34' title='bbox 378 557 474 640; x_wconf 90' lang='lat' dir='ltr'>primi</span> <span class='ocrx_word' id='word_1_35' title='bbox 503 557 668 641; x_wconf 83' lang='lat' dir='ltr'>fugerant,</span> <span class='ocrx_word' id='word_1_36' title='bbox 698 560 830 620; x_wconf 84' lang='lat' dir='ltr'>ventum</span> <span class='ocrx_word' id='word_1_37' title='bbox 860 561 937 621; x_wconf 86' lang='lat' dir='ltr'>erat.</span> <span class='ocrx_word' id='word_1_38' title='bbox 980 555 1133 621; x_wconf 86' lang='lat' dir='ltr'>Feminae</span> 
     </span>
     <span class='ocr_line' id='line_1_6' title="bbox 119 644 1133 729; baseline 0 -21"><span class='ocrx_word' id='word_1_39' title='bbox 119 645 290 729; x_wconf 88' lang='lat' dir='ltr'>pleraeque</span> <span class='ocrx_word' id='word_1_40' title='bbox 318 667 435 728; x_wconf 90' lang='lat' dir='ltr'>parvos</span> <span class='ocrx_word' id='word_1_41' title='bbox 462 645 627 709; x_wconf 85' lang='lat' dir='ltr'>trahentes</span> <span class='ocrx_word' id='word_1_42' title='bbox 655 644 772 709; x_wconf 91' lang='lat' dir='ltr'>liberos</span> <span class='ocrx_word' id='word_1_43' title='bbox 798 644 904 709; x_wconf 87' lang='lat' dir='ltr'>ibant:</span> <span class='ocrx_word' id='word_1_44' title='bbox 940 645 1026 708; x_wconf 89' lang='lat' dir='ltr'>inter</span> <span class='ocrx_word' id='word_1_45' title='bbox 1053 665 1133 727; x_wconf 89' lang='lat' dir='ltr'>quas</span> 
     </span>
     <span class='ocr_line' id='line_1_7' title="bbox 120 731 1133 818; baseline 0 -22"><span class='ocrx_word' id='word_1_46' title='bbox 120 736 185 797; x_wconf 88' lang='lat' dir='ltr'>tres</span> <span class='ocrx_word' id='word_1_47' title='bbox 208 733 297 796; x_wconf 87' lang='lat' dir='ltr'>fuere</span> <span class='ocrx_word' id='word_1_48' title='bbox 319 734 470 818; x_wconf 86' lang='lat' dir='ltr'>virgines,</span> <span class='ocrx_word' id='word_1_49' title='bbox 492 731 583 815; x_wconf 89' lang='lat' dir='ltr'>Ochi,</span> <span class='ocrx_word' id='word_1_50' title='bbox 604 732 660 816; x_wconf 91' lang='lat' dir='ltr'>qui</span> <span class='ocrx_word' id='word_1_51' title='bbox 683 735 758 797; x_wconf 88' lang='lat' dir='ltr'>ante</span> <span class='ocrx_word' id='word_1_52' title='bbox 771 731 912 797; x_wconf 87' lang='lat' dir='ltr'>Dareum</span> <span class='ocrx_word' id='word_1_53' title='bbox 930 735 1133 816; x_wconf 75' lang='lat' dir='ltr'>regnaverat,</span> 
     </span>
     <span class='ocr_line' id='line_1_8' title="bbox 119 820 1132 905; baseline 0 -21"><span class='ocrx_word' id='word_1_54' title='bbox 119 820 216 904; x_wconf 89' lang='lat' dir='ltr'>filiae,</span> <span class='ocrx_word' id='word_1_55' title='bbox 249 820 326 884; x_wconf 90' lang='lat' dir='ltr'>olim</span> <span class='ocrx_word' id='word_1_56' title='bbox 357 820 486 905; x_wconf 92' lang='lat' dir='ltr'>quidem</span> <span class='ocrx_word' id='word_1_57' title='bbox 514 842 553 884; x_wconf 92' lang='lat' dir='ltr'>ex</span> <span class='ocrx_word' id='word_1_58' title='bbox 578 820 710 904; x_wconf 86' lang='lat' dir='ltr'>fastigio</span> <span class='ocrx_word' id='word_1_59' title='bbox 738 824 873 903; x_wconf 91' lang='lat' dir='ltr'>patemo</span> <span class='ocrx_word' id='word_1_60' title='bbox 900 841 1007 884; x_wconf 91' lang='lat' dir='ltr'>rerum</span> <span class='ocrx_word' id='word_1_61' title='bbox 1028 823 1132 884; x_wconf 78' lang='lat' dir='ltr'>muta</span> 
     </span>
     <span class='ocr_line' id='line_1_9' title="bbox 119 906 1133 991; baseline 0.001 -20"><span class='ocrx_word' id='word_1_62' title='bbox 119 908 207 972; x_wconf 91' lang='lat' dir='ltr'>tione</span> <span class='ocrx_word' id='word_1_63' title='bbox 235 908 411 991; x_wconf 83' lang='lat' dir='ltr'>detractae,</span> <span class='ocrx_word' id='word_1_64' title='bbox 442 908 498 972; x_wconf 89' lang='lat' dir='ltr'>sed</span> <span class='ocrx_word' id='word_1_65' title='bbox 524 912 594 972; x_wconf 87' lang='lat' dir='ltr'>tum</span> <span class='ocrx_word' id='word_1_66' title='bbox 622 911 741 972; x_wconf 88' lang='lat' dir='ltr'>sortem</span> <span class='ocrx_word' id='word_1_67' title='bbox 764 929 874 972; x_wconf 91' lang='lat' dir='ltr'>earum</span> <span class='ocrx_word' id='word_1_68' title='bbox 896 906 1055 973; x_wconf 83' lang='lat' dir='ltr'>crudelius</span> <span class='ocrx_word' id='word_1_69' title='bbox 1079 907 1133 972; x_wconf 87' lang='lat' dir='ltr'>ad·</span> 
     </span>
     <span class='ocr_line' id='line_1_10' title="bbox 68 994 1163 1080; baseline -0.003 -17"><span class='ocrx_word' id='word_1_70' title='bbox 68 1015 100 1063; x_wconf 86' lang='lat'>13</span> <span class='ocrx_word' id='word_1_71' title='bbox 120 1000 275 1080; x_wconf 85' lang='lat' dir='ltr'>gravante</span> <span class='ocrx_word' id='word_1_72' title='bbox 296 996 437 1061; x_wconf 83' lang='lat' dir='ltr'>fortuna.</span> <span class='ocrx_word' id='word_1_73' title='bbox 477 995 517 1059; x_wconf 87' lang='lat' dir='ltr'>In</span> <span class='ocrx_word' id='word_1_74' title='bbox 540 994 652 1060; x_wconf 90' lang='lat' dir='ltr'>eodem</span> <span class='ocrx_word' id='word_1_75' title='bbox 675 1015 772 1080; x_wconf 81' lang='lat' dir='ltr'>grege</span> <span class='ocrx_word' id='word_1_76' title='bbox 795 1017 876 1060; x_wconf 90' lang='lat' dir='ltr'>uxor</span> <span class='ocrx_word' id='word_1_77' title='bbox 898 1016 1025 1080; x_wconf 89' lang='lat' dir='ltr'>quoque</span> <span class='ocrx_word' id='word_1_78' title='bbox 1049 995 1131 1060; x_wconf 88' lang='lat' dir='ltr'>eius·</span> <span class='ocrx_word' id='word_1_79' title='bbox 1160 1064 1163 1071; x_wconf 59' lang='grc'>,</span> 
     </span>
     <span class='ocr_line' id='line_1_11' title="bbox 120 1082 1131 1168; baseline 0.001 -21"><span class='ocrx_word' id='word_1_80' title='bbox 120 1084 192 1147; x_wconf 90' lang='lat' dir='ltr'>dem</span> <span class='ocrx_word' id='word_1_81' title='bbox 215 1083 296 1149; x_wconf 86' lang='lat' dir='ltr'>Ochi</span> <span class='ocrx_word' id='word_1_82' title='bbox 318 1084 381 1148; x_wconf 81' lang='lat' dir='ltr'>fuit</span> <span class='ocrx_word' id='word_1_83' title='bbox 403 1082 680 1168; x_wconf 82' lang='lat' dir='ltr'>Oxathrisque-</span> <span class='ocrx_word' id='word_1_84' title='bbox 693 1083 794 1147; x_wconf 88' lang='lat' dir='ltr'>frater</span> <span class='ocrx_word' id='word_1_85' title='bbox 813 1083 867 1148; x_wconf 90' lang='lat' dir='ltr'>hic</span> <span class='ocrx_word' id='word_1_86' title='bbox 889 1087 959 1148; x_wconf 89' lang='lat' dir='ltr'>erat</span> <span class='ocrx_word' id='word_1_87' title='bbox 976 1083 1076 1148; x_wconf 85' lang='lat' dir='ltr'>Darei</span> <span class='ocrx_word' id='word_1_88' title='bbox 1090 1118 1131 1129; x_wconf 86' lang='lat'>-</span> 
     </span>
     <span class='ocr_line' id='line_1_12' title="bbox 119 1170 1131 1255; baseline 0.001 -21"><span class='ocrx_word' id='word_1_89' title='bbox 119 1170 187 1234; x_wconf 91' lang='lat' dir='ltr'>filia</span> <span class='ocrx_word' id='word_1_90' title='bbox 210 1176 243 1236; x_wconf 91' lang='lat' dir='ltr'>et</span> <span class='ocrx_word' id='word_1_91' title='bbox 264 1171 382 1237; x_wconf 85' lang='lat' dir='ltr'>coniux</span> <span class='ocrx_word' id='word_1_92' title='bbox 394 1170 558 1254; x_wconf 85' lang='lat' dir='ltr'>Artabazi,</span> <span class='ocrx_word' id='word_1_93' title='bbox 580 1171 735 1255; x_wconf 87' lang='lat' dir='ltr'>principis</span> <span class='ocrx_word' id='word_1_94' title='bbox 753 1175 1010 1255; x_wconf 87' lang='lat' dir='ltr'>purpuratorum,</span> <span class='ocrx_word' id='word_1_95' title='bbox 1032 1171 1131 1235; x_wconf 88' lang='lat' dir='ltr'>filius-</span> 
     </span>
     <span class='ocr_line' id='line_1_13' title="bbox 68 1258 1132 1344; baseline -0.003 -18"><span class='ocrx_word' id='word_1_96' title='bbox 68 1277 102 1326; x_wconf 85' lang='lat'>14</span> <span class='ocrx_word' id='word_1_97' title='bbox 120 1280 195 1344; x_wconf 92' lang='lat' dir='ltr'>que,</span> <span class='ocrx_word' id='word_1_98' title='bbox 217 1260 269 1323; x_wconf 89' lang='lat' dir='ltr'>cui</span> <span class='ocrx_word' id='word_1_99' title='bbox 290 1258 413 1325; x_wconf 90' lang='lat' dir='ltr'>Ilioneo</span> <span class='ocrx_word' id='word_1_100' title='bbox 435 1260 499 1324; x_wconf 88' lang='lat' dir='ltr'>fuit</span> <span class='ocrx_word' id='word_1_101' title='bbox 520 1280 647 1325; x_wconf 90' lang='lat' dir='ltr'>nomen.</span> <span class='ocrx_word' id='word_1_102' title='bbox 692 1258 894 1325; x_wconf 88' lang='lat' dir='ltr'>Pharnabazi</span> <span class='ocrx_word' id='word_1_103' title='bbox 916 1281 1057 1343; x_wconf 91' lang='lat' dir='ltr'>quoque,</span> <span class='ocrx_word' id='word_1_104' title='bbox 1081 1259 1132 1324; x_wconf 89' lang='grc'>001</span> 
     </span>
     <span class='ocr_line' id='line_1_14' title="bbox 120 1347 1132 1430; baseline 0 -19"><span class='ocrx_word' id='word_1_105' title='bbox 120 1368 281 1411; x_wconf 89' lang='lat' dir='ltr'>summum</span> <span class='ocrx_word' id='word_1_106' title='bbox 307 1347 479 1430; x_wconf 90' lang='lat' dir='ltr'>imperium</span> <span class='ocrx_word' id='word_1_107' title='bbox 501 1347 681 1411; x_wconf 88' lang='lat' dir='ltr'>maritimae</span> <span class='ocrx_word' id='word_1_108' title='bbox 704 1369 779 1411; x_wconf 89' lang='lat' dir='ltr'>orae</span> <span class='ocrx_word' id='word_1_109' title='bbox 802 1368 859 1411; x_wconf 92' lang='lat' dir='ltr'>rex</span> <span class='ocrx_word' id='word_1_110' title='bbox 881 1347 1025 1429; x_wconf 90' lang='lat' dir='ltr'>dederat,</span> <span class='ocrx_word' id='word_1_111' title='bbox 1051 1367 1132 1411; x_wconf 87' lang='lat' dir='ltr'>uxor</span> 
     </span>
     <span class='ocr_line' id='line_1_15' title="bbox 120 1433 1131 1517; baseline 0.002 -20"><span class='ocrx_word' id='word_1_112' title='bbox 120 1454 193 1497; x_wconf 90' lang='lat' dir='ltr'>cum</span> <span class='ocrx_word' id='word_1_113' title='bbox 214 1435 281 1498; x_wconf 91' lang='lat' dir='ltr'>filio</span> <span class='ocrx_word' id='word_1_114' title='bbox 304 1438 437 1517; x_wconf 83' lang='lat' dir='ltr'>excepta</span> <span class='ocrx_word' id='word_1_115' title='bbox 460 1439 523 1516; x_wconf 89' lang='lat' dir='ltr'>est,</span> <span class='ocrx_word' id='word_1_116' title='bbox 551 1433 710 1499; x_wconf 86' lang='lat' dir='ltr'>Mentoris</span> <span class='ocrx_word' id='word_1_117' title='bbox 736 1435 822 1499; x_wconf 90' lang='lat' dir='ltr'>filiae</span> <span class='ocrx_word' id='word_1_118' title='bbox 849 1439 916 1500; x_wconf 87' lang='lat' dir='ltr'>tres</span> <span class='ocrx_word' id='word_1_119' title='bbox 939 1455 976 1499; x_wconf 89' lang='lat' dir='ltr'>ac</span> <span class='ocrx_word' id='word_1_120' title='bbox 998 1434 1131 1500; x_wconf 90' lang='lat' dir='ltr'>nobilis·</span> 
     </span>
     <span class='ocr_line' id='line_1_16' title="bbox 120 1521 1133 1605; baseline 0.002 -21"><span class='ocrx_word' id='word_1_121' title='bbox 120 1521 193 1584; x_wconf 90' lang='lat' dir='ltr'>simi</span> <span class='ocrx_word' id='word_1_122' title='bbox 225 1521 314 1586; x_wconf 88' lang='lat' dir='ltr'>ducis</span> <span class='ocrx_word' id='word_1_123' title='bbox 345 1522 530 1587; x_wconf 85' lang='lat' dir='ltr'>Memnonis</span> <span class='ocrx_word' id='word_1_124' title='bbox 561 1523 678 1587; x_wconf 88' lang='lat' dir='ltr'>coniux</span> <span class='ocrx_word' id='word_1_125' title='bbox 710 1526 742 1586; x_wconf 87' lang='lat' dir='ltr'>et</span> <span class='ocrx_word' id='word_1_126' title='bbox 772 1523 874 1586; x_wconf 88' lang='lat' dir='ltr'>filius:</span> <span class='ocrx_word' id='word_1_127' title='bbox 919 1523 1034 1605; x_wconf 88' lang='lat' dir='ltr'>vixque</span> <span class='ocrx_word' id='word_1_128' title='bbox 1067 1523 1133 1587; x_wconf 86' lang='lat' dir='ltr'>ulla</span> 
     </span>
     <span class='ocr_line' id='line_1_17' title="bbox 68 1608 1133 1693; baseline -0.003 -16"><span class='ocrx_word' id='word_1_129' title='bbox 68 1628 100 1677; x_wconf 83' lang='lat'>15</span> <span class='ocrx_word' id='word_1_130' title='bbox 119 1608 233 1674; x_wconf 91' lang='lat' dir='ltr'>domus</span> <span class='ocrx_word' id='word_1_131' title='bbox 260 1611 428 1693; x_wconf 85' lang='lat' dir='ltr'>purpurati</span> <span class='ocrx_word' id='word_1_132' title='bbox 450 1611 515 1675; x_wconf 84' lang='lat' dir='ltr'>fuit</span> <span class='ocrx_word' id='word_1_133' title='bbox 536 1613 647 1675; x_wconf 85' lang='lat' dir='ltr'>tantae</span> <span class='ocrx_word' id='word_1_134' title='bbox 670 1609 769 1673; x_wconf 87' lang='lat' dir='ltr'>cladis</span> <span class='ocrx_word' id='word_1_135' title='bbox 791 1629 904 1690; x_wconf 72' lang='lat' dir='ltr'>capere.</span> <span class='ocrx_word' id='word_1_136' title='bbox 948 1609 1029 1674; x_wconf 83' lang='lat' dir='ltr'>Item</span> <span class='ocrx_word' id='word_1_137' title='bbox 1051 1611 1133 1692; x_wconf 80' lang='lat' dir='ltr'>capti</span> 
     </span>
     <span class='ocr_line' id='line_1_18' title="bbox 119 1695 1132 1762; baseline 0.001 -1"><span class='ocrx_word' id='word_1_138' title='bbox 119 1701 193 1762; x_wconf 76' lang='lat' dir='ltr'>sunt</span> <span class='ocrx_word' id='word_1_139' title='bbox 217 1695 462 1762; x_wconf 85' lang='lat' dir='ltr'>Lacedaemonii</span> <span class='ocrx_word' id='word_1_140' title='bbox 489 1700 521 1761; x_wconf 92' lang='lat' dir='ltr'>et</span> <span class='ocrx_word' id='word_1_141' title='bbox 542 1697 759 1761; x_wconf 89' lang='lat' dir='ltr'>Athenienses</span> <span class='ocrx_word' id='word_1_142' title='bbox 786 1697 951 1762; x_wconf 87' lang='lat' dir='ltr'>societatis</span> <span class='ocrx_word' id='word_1_143' title='bbox 979 1697 1045 1762; x_wconf 83' lang='lat' dir='ltr'>fide</span> <span class='ocrx_word' id='word_1_144' title='bbox 1066 1699 1132 1762; x_wconf 91' lang='lat' dir='ltr'>vio·</span> 
     </span>
     <span class='ocr_line' id='line_1_19' title="bbox 119 1783 1132 1869; baseline 0.001 -21"><span class='ocrx_word' id='word_1_145' title='bbox 119 1785 187 1849; x_wconf 87' lang='lat' dir='ltr'>lata</span> <span class='ocrx_word' id='word_1_146' title='bbox 212 1783 328 1850; x_wconf 83' lang='lat' dir='ltr'>Persas</span> <span class='ocrx_word' id='word_1_147' title='bbox 359 1786 473 1868; x_wconf 63' lang='lat' dir='ltr'>secuti,</span> <span class='ocrx_word' id='word_1_148' title='bbox 503 1784 710 1869; x_wconf 79' lang='lat' dir='ltr'>Aristogiton</span> <span class='ocrx_word' id='word_1_149' title='bbox 738 1788 771 1849; x_wconf 90' lang='lat' dir='ltr'>et</span> <span class='ocrx_word' id='word_1_150' title='bbox 797 1783 955 1867; x_wconf 88' lang='lat' dir='ltr'>Dropides</span> <span class='ocrx_word' id='word_1_151' title='bbox 985 1788 1019 1849; x_wconf 91' lang='lat' dir='ltr'>et</span> <span class='ocrx_word' id='word_1_152' title='bbox 1045 1784 1132 1869; x_wconf 87' lang='lat' dir='ltr'>Iphi·</span> 
     </span>
     <span class='ocr_line' id='line_1_20' title="bbox 120 1872 1133 1957; baseline 0 -21"><span class='ocrx_word' id='word_1_153' title='bbox 120 1875 237 1956; x_wconf 85' lang='lat' dir='ltr'>crates,</span> <span class='ocrx_word' id='word_1_154' title='bbox 266 1873 352 1937; x_wconf 88' lang='lat' dir='ltr'>inter</span> <span class='ocrx_word' id='word_1_155' title='bbox 378 1873 593 1936; x_wconf 86' lang='lat' dir='ltr'>Athenienses</span> <span class='ocrx_word' id='word_1_156' title='bbox 625 1893 741 1957; x_wconf 86' lang='lat' dir='ltr'>genere</span> <span class='ocrx_word' id='word_1_157' title='bbox 767 1872 917 1956; x_wconf 84' lang='lat' dir='ltr'>famaque</span> <span class='ocrx_word' id='word_1_158' title='bbox 945 1872 1043 1957; x_wconf 87' lang='lat' dir='ltr'>longe</span> <span class='ocrx_word' id='word_1_159' title='bbox 1070 1874 1133 1937; x_wconf 85' lang='lat' dir='ltr'>cla·</span> 
     </span>
     <span class='ocr_line' id='line_1_21' title="bbox 120 1959 1134 2044; baseline 0.003 -22"><span class='ocrx_word' id='word_1_160' title='bbox 120 1959 248 2044; x_wconf 89' lang='lat' dir='ltr'>rissimi,</span> <span class='ocrx_word' id='word_1_161' title='bbox 268 1959 513 2025; x_wconf 87' lang='lat' dir='ltr'>Lacedaemonii</span> <span class='ocrx_word' id='word_1_162' title='bbox 525 1959 707 2043; x_wconf 89' lang='lat' dir='ltr'>Pausippus</span> <span class='ocrx_word' id='word_1_163' title='bbox 730 1963 763 2023; x_wconf 88' lang='lat' dir='ltr'>et</span> <span class='ocrx_word' id='word_1_164' title='bbox 775 1959 1038 2026; x_wconf 82' lang='lat' dir='ltr'>Onomastorides</span> <span class='ocrx_word' id='word_1_165' title='bbox 1059 1982 1134 2025; x_wconf 91' lang='lat' dir='ltr'>cum</span> 
     </span>
     <span class='ocr_line' id='line_1_22' title="bbox 120 2046 1135 2130; baseline 0.003 -20"><span class='ocrx_word' id='word_1_166' title='bbox 120 2046 264 2112; x_wconf 90' lang='lat' dir='ltr'>Monimo</span> <span class='ocrx_word' id='word_1_167' title='bbox 305 2052 338 2112; x_wconf 92' lang='lat' dir='ltr'>et</span> <span class='ocrx_word' id='word_1_168' title='bbox 374 2046 590 2129; x_wconf 75' lang='lat' dir='ltr'>Callicratide,</span> <span class='ocrx_word' id='word_1_169' title='bbox 633 2046 669 2110; x_wconf 91' lang='lat' dir='ltr'>hi</span> <span class='ocrx_word' id='word_1_170' title='bbox 709 2069 835 2130; x_wconf 91' lang='lat' dir='ltr'>quoque</span> <span class='ocrx_word' id='word_1_171' title='bbox 876 2046 963 2112; x_wconf 89' lang='lat' dir='ltr'>domi</span> <span class='ocrx_word' id='word_1_172' title='bbox 997 2048 1135 2114; x_wconf 86' lang='lat' dir='ltr'>nobiles.</span> 
     </span>
     <span class='ocr_line' id='line_1_23' title="bbox 70 2132 1135 2219; baseline -0.001 -17"><span class='ocrx_word' id='word_1_173' title='bbox 70 2155 102 2204; x_wconf 84' lang='lat'>16</span> <span class='ocrx_word' id='word_1_174' title='bbox 122 2132 253 2198; x_wconf 84' lang='lat' dir='ltr'>Summa</span> <span class='ocrx_word' id='word_1_175' title='bbox 284 2136 439 2219; x_wconf 88' lang='lat' dir='ltr'>pecuniae</span> <span class='ocrx_word' id='word_1_176' title='bbox 471 2135 711 2219; x_wconf 81' lang='lat' dir='ltr'>signataet</span> <span class='ocrx_word' id='word_1_177' title='bbox 647 2134 711 2199; x_wconf 83' lang='lat' dir='ltr'>fuit</span> <span class='ocrx_word' id='word_1_178' title='bbox 741 2136 900 2199; x_wconf 82' lang='lat' dir='ltr'>talentum</span> <span class='ocrx_word' id='word_1_179' title='bbox 922 2134 956 2198; x_wconf 90' lang='lat' dir='ltr'>H</span> <span class='ocrx_word' id='word_1_180' title='bbox 983 2136 1074 2200; x_wconf 86' lang='lat' dir='ltr'>milia</span> <span class='ocrx_word' id='word_1_181' title='bbox 1100 2140 1135 2201; x_wconf 88' lang='lat' dir='ltr'>et</span> 
     </span>
     <span class='ocr_line' id='line_1_24' title="bbox 121 2222 1135 2323; baseline 0.003 -37"><span class='ocrx_word' id='word_1_182' title='bbox 121 2226 281 2305; x_wconf 89' lang='lat' dir='ltr'>sescenta,</span> <span class='ocrx_word' id='word_1_183' title='bbox 315 2223 395 2287; x_wconf 87' lang='lat' dir='ltr'>facti</span> <span class='ocrx_word' id='word_1_184' title='bbox 430 2223 557 2306; x_wconf 88' lang='lat' dir='ltr'>argenti</span> <span class='ocrx_word' id='word_1_185' title='bbox 592 2222 719 2310; x_wconf 84' lang='lat' dir='ltr'>pondus</span> <span class='ocrx_word' id='word_1_186' title='bbox 755 2223 932 2307; x_wconf 88' lang='lat' dir='ltr'>quingenta</span> <span class='ocrx_word' id='word_1_187' title='bbox 964 2225 1135 2323; x_wconf 86' lang='lat' dir='ltr'>aequabat.</span> 
     </span>
     <span class='ocr_line' id='line_1_25' title="bbox 120 2272 1133 2377; baseline 0.002 -4"><span class='ocrx_word' id='word_1_188' title='bbox 120 2272 290 2374; x_wconf 70' lang='lat' dir='ltr'>Praetereb</span> <span class='ocrx_word' id='word_1_189' title='bbox 303 2328 374 2374; x_wconf 85' lang='lat' dir='ltr'>xxx</span> <span class='ocrx_word' id='word_1_190' title='bbox 395 2311 485 2374; x_wconf 89' lang='lat' dir='ltr'>milia</span> <span class='ocrx_word' id='word_1_191' title='bbox 506 2309 673 2373; x_wconf 90' lang='lat' dir='ltr'>hominum</span> <span class='ocrx_word' id='word_1_192' title='bbox 696 2330 768 2374; x_wconf 89' lang='lat' dir='ltr'>cum</span> <span class='ocrx_word' id='word_1_193' title='bbox 790 2328 839 2374; x_wconf 82' lang='lat' dir='ltr'>vn</span> <span class='ocrx_word' id='word_1_194' title='bbox 855 2310 1017 2374; x_wconf 90' lang='lat' dir='ltr'>milibus</span> <span class='ocrx_word' id='word_1_195' title='bbox 1008 2332 1133 2377; x_wconf 88' lang='lat' dir='ltr'>rumen·</span> 
     </span>
     <span class='ocr_line' id='line_1_26' title="bbox 69 2396 1136 2499; baseline -0.001 -33"><span class='ocrx_word' id='word_1_196' title='bbox 69 2415 102 2466; x_wconf 79' lang='lat'>1⁷</span> <span class='ocrx_word' id='word_1_197' title='bbox 120 2402 228 2462; x_wconf 91' lang='lat' dir='ltr'>torum</span> <span class='ocrx_word' id='word_1_198' title='bbox 257 2398 352 2462; x_wconf 91' lang='lat' dir='ltr'>dorso</span> <span class='ocrx_word' id='word_1_199' title='bbox 380 2417 478 2463; x_wconf 88' lang='lat' dir='ltr'>onera</span> <span class='ocrx_word' id='word_1_200' title='bbox 504 2397 704 2480; x_wconf 85' lang='lat' dir='ltr'>portantium</span> <span class='ocrx_word' id='word_1_201' title='bbox 731 2401 826 2499; x_wconf 80' lang='lat' dir='ltr'>capta</span> <span class='ocrx_word' id='word_1_202' title='bbox 853 2402 937 2462; x_wconf 84' lang='lat' dir='ltr'>sunt</span> <span class='ocrx_word' id='word_1_203' title='bbox 983 2396 1136 2465; x_wconf 86' lang='lat' dir='ltr'>Oeterum</span> 
     </span>
     <span class='ocr_line' id='line_1_27' title="bbox 120 2474 1134 2569; baseline 0.002 -19"><span class='ocrx_word' id='word_1_204' title='bbox 120 2489 233 2550; x_wconf 89' lang='lat' dir='ltr'>tantae</span> <span class='ocrx_word' id='word_1_205' title='bbox 254 2485 403 2550; x_wconf 86' lang='lat' dir='ltr'>fortunae</span> <span class='ocrx_word' id='word_1_206' title='bbox 424 2486 621 2568; x_wconf 89' lang='lat' dir='ltr'>proditorem</span> <span class='ocrx_word' id='word_1_207' title='bbox 638 2486 681 2564; x_wconf 78' lang='lat' dir='ltr'>di,</span> <span class='ocrx_word' id='word_1_208' title='bbox 702 2486 764 2549; x_wconf 80' lang='lat' dir='ltr'>seri</span> <span class='ocrx_word' id='word_1_209' title='bbox 786 2506 882 2568; x_wconf 89' lang='lat' dir='ltr'>saepe</span> <span class='ocrx_word' id='word_1_210' title='bbox 901 2474 1031 2569; x_wconf 82' lang='lat' dir='ltr'>ultores,</span> <span class='ocrx_word' id='word_1_211' title='bbox 1054 2487 1134 2552; x_wconf 87' lang='lat' dir='ltr'>cele·</span> 
     </span>
     <span class='ocr_line' id='line_1_28' title="bbox 120 2570 1135 2673; baseline 0.002 -36"><span class='ocrx_word' id='word_1_212' title='bbox 120 2574 199 2638; x_wconf 89' lang='lat' dir='ltr'>riter</span> <span class='ocrx_word' id='word_1_213' title='bbox 231 2572 339 2637; x_wconf 87' lang='lat' dir='ltr'>debita</span> <span class='ocrx_word' id='word_1_214' title='bbox 369 2594 475 2657; x_wconf 88' lang='lat' dir='ltr'>poena</span> <span class='ocrx_word' id='word_1_215' title='bbox 504 2572 680 2673; x_wconf 87' lang='lat' dir='ltr'>persecuti</span> <span class='ocrx_word' id='word_1_216' title='bbox 637 2576 779 2637; x_wconf 88' lang='lat' dir='ltr'>tsunt.</span> <span class='ocrx_word' id='word_1_217' title='bbox 824 2570 971 2656; x_wconf 90' lang='lat' dir='ltr'>Namque</span> <span class='ocrx_word' id='word_1_218' title='bbox 1003 2594 1089 2638; x_wconf 89' lang='lat' dir='ltr'>unus</span> <span class='ocrx_word' id='word_1_219' title='bbox 1116 2596 1135 2639; x_wconf 90' lang='grc'>0</span> 
     </span>
     <span class='ocr_line' id='line_1_29' title="bbox 121 2661 1136 2746; baseline 0 -19"><span class='ocrx_word' id='word_1_220' title='bbox 121 2661 259 2727; x_wconf 84' lang='lat' dir='ltr'>consciis</span> <span class='ocrx_word' id='word_1_221' title='bbox 288 2662 368 2745; x_wconf 90' lang='lat' dir='ltr'>eius,</span> <span class='ocrx_word' id='word_1_222' title='bbox 400 2661 507 2744; x_wconf 86' lang='lat' dir='ltr'>eredo,</span> <span class='ocrx_word' id='word_1_223' title='bbox 535 2661 622 2746; x_wconf 90' lang='lat' dir='ltr'>regis</span> <span class='ocrx_word' id='word_1_224' title='bbox 649 2661 751 2725; x_wconf 90' lang='lat' dir='ltr'>vicem</span> <span class='ocrx_word' id='word_1_225' title='bbox 779 2661 912 2725; x_wconf 90' lang='lat' dir='ltr'>etiam</span> <span class='ocrx_word' id='word_1_226' title='bbox 903 2682 938 2724; x_wconf 90' lang='lat' dir='ltr'>m</span> <span class='ocrx_word' id='word_1_227' title='bbox 965 2661 1022 2724; x_wconf 82' lang='lat' dir='ltr'>illa</span> <span class='ocrx_word' id='word_1_228' title='bbox 1048 2665 1136 2727; x_wconf 86' lang='lat' dir='ltr'>sorte</span> 
     </span>
     <span class='ocr_line' id='line_1_30' title="bbox 121 2746 1166 2833; baseline 0.001 -20"><span class='ocrx_word' id='word_1_229' title='bbox 121 2750 289 2832; x_wconf 87' lang='lat' dir='ltr'>reveritus,</span> <span class='ocrx_word' id='word_1_230' title='bbox 316 2749 477 2815; x_wconf 84' lang='lat' dir='ltr'>interlecti</span> <span class='ocrx_word' id='word_1_231' title='bbox 502 2749 676 2832; x_wconf 88' lang='lat' dir='ltr'>proditoris</span> <span class='ocrx_word' id='word_1_232' title='bbox 703 2751 800 2831; x_wconf 89' lang='lat' dir='ltr'>caput</span> <span class='ocrx_word' id='word_1_233' title='bbox 822 2748 862 2813; x_wconf 88' lang='lat' dir='ltr'>ad</span> <span class='ocrx_word' id='word_1_234' title='bbox 885 2746 1027 2812; x_wconf 89' lang='lat' dir='ltr'>Dareum</span> <span class='ocrx_word' id='word_1_235' title='bbox 1050 2750 1136 2833; x_wconf 77' lang='lat' dir='ltr'>tulit,</span> <span class='ocrx_word' id='word_1_236' title='bbox 1164 2829 1166 2832; x_wconf 9' lang='lat' dir='ltr'>y</span> 
     </span>
     <span class='ocr_line' id='line_1_31' title="bbox 123 2835 1136 2936; baseline 0.002 -35"><span class='ocrx_word' id='word_1_237' title='bbox 123 2841 339 2920; x_wconf 88' lang='lat' dir='ltr'>opportunum</span> <span class='ocrx_word' id='word_1_238' title='bbox 355 2838 509 2902; x_wconf 90' lang='lat' dir='ltr'>solacium</span> <span class='ocrx_word' id='word_1_239' title='bbox 522 2835 666 2934; x_wconf 83' lang='lat' dir='ltr'>prodito:</span> <span class='ocrx_word' id='word_1_240' title='bbox 689 2837 807 2936; x_wconf 89' lang='lat' dir='ltr'>quippe</span> <span class='ocrx_word' id='word_1_241' title='bbox 821 2840 855 2900; x_wconf 86' lang='lat' dir='ltr'>et</span> <span class='ocrx_word' id='word_1_242' title='bbox 867 2837 976 2900; x_wconf 89' lang='lat' dir='ltr'>ultus</span> <span class='ocrx_word' id='word_1_243' title='bbox 967 2835 1136 2903; x_wconf 87' lang='lat' dir='ltr'>mimicum</span> 
     </span>
     <span class='ocr_line' id='line_1_32' title="bbox 122 2922 1137 2993; baseline 0.002 -5"><span class='ocrx_word' id='word_1_244' title='bbox 122 2929 193 2988; x_wconf 89' lang='lat' dir='ltr'>erat</span> <span class='ocrx_word' id='word_1_245' title='bbox 219 2929 252 2988; x_wconf 90' lang='lat' dir='ltr'>et</span> <span class='ocrx_word' id='word_1_246' title='bbox 277 2924 457 2988; x_wconf 92' lang='lat' dir='ltr'>nondum</span> <span class='ocrx_word' id='word_1_247' title='bbox 448 2945 483 2988; x_wconf 92' lang='lat' dir='ltr'>m</span> <span class='ocrx_word' id='word_1_248' title='bbox 511 2923 655 2988; x_wconf 91' lang='lat' dir='ltr'>omnium</span> <span class='ocrx_word' id='word_1_249' title='bbox 682 2922 797 2987; x_wconf 88' lang='lat' dir='ltr'>animis</span> <span class='ocrx_word' id='word_1_250' title='bbox 824 2924 1013 2993; x_wconf 86' lang='lat' dir='ltr'>memoriam</span> <span class='ocrx_word' id='word_1_251' title='bbox 1035 2926 1137 2991; x_wconf 85' lang='lat' dir='ltr'>maie·</span> 
     </span>
     <span class='ocr_line' id='line_1_33' title="bbox 121 3010 695 3077; baseline -0.005 0"><span class='ocrx_word' id='word_1_252' title='bbox 121 3013 216 3077; x_wconf 86' lang='lat' dir='ltr'>statis</span> <span class='ocrx_word' id='word_1_253' title='bbox 239 3033 316 3077; x_wconf 88' lang='lat' dir='ltr'>suae</span> <span class='ocrx_word' id='word_1_254' title='bbox 339 3011 514 3076; x_wconf 88' lang='lat' dir='ltr'>exolevisse</span> <span class='ocrx_word' id='word_1_255' title='bbox 537 3010 695 3075; x_wconf 88' lang='lat' dir='ltr'>cernebat</span> 
     </span>
    </p>
   </div>
   <div class='ocr_carea' id='block_1_3' title="bbox 521 3272 734 3283">
    <p class='ocr_par' dir='ltr' id='par_1_3' title="bbox 521 3272 734 3283">
     <span class='ocr_line' id='line_1_34' title="bbox 521 3272 734 3283; baseline 0.005 -1"><span class='ocrx_word' id='word_1_256' title='bbox 521 3272 734 3283; x_wconf 77' lang='lat'>—---</span> 
     </span>
    </p>
   </div>
   <div class='ocr_carea' id='block_1_4' title="bbox 0 0 1189 3846">
    <p class='ocr_par' dir='ltr' id='par_1_4' title="bbox 0 0 1189 3846">
     <span class='ocr_line' id='line_1_35' title="bbox 0 0 1189 3846; baseline 0 0"><span class='ocrx_word' id='word_1_257' title='bbox 0 0 1189 3846; x_wconf 95' lang='lat' dir='ltr'> </span> 
     </span>
    </p>
   </div>
  </div>
 </body>
</html>
