2356 3846
242 177 496 235 fflsromaaun
513 179 730 236 ALEXANDRI
747 179 822 251 VIII,
842 187 884 237 14.
1000 181 1068 247 223

56 324 110 406 fit,
145 322 203 388 ubi
235 322 377 389 turbatis
410 323 516 390 acrius
547 328 652 390 metus
689 346 786 410 quarn
818 325 881 390 dux
913 325 1072 409 imperare

58 411 169 495 coepit
184 445 223 460 -
238 411 376 477 totidem
396 417 490 478 erant
507 414 728 497 imperatores,
747 417 826 498 quot
841 414 972 499 agmina
988 436 1071 480 erra·

57 501 146 565 bant
192 499 288 564 Alius
310 500 443 586 iungere
467 501 581 585 aciem,
604 501 688 567 alius
713 501 869 585 dividere,
895 506 981 568 stare
1005 503 1072 588 qui-
1090 515 1124 565 21

59 589 134 653 dam
151 590 192 653 et
213 588 363 653 nonnulli
391 589 587 655 circumvehi
614 593 709 676 terga
736 588 880 655 hostium
907 591 1072 656 iubebant.

56 675 152 742 Nihil
169 675 204 740 in
222 676 362 741 medium
382 677 621 743 consulebatur.
653 677 757 743 Porus
775 681 885 744 tamen
904 699 976 744 cum
994 702 1071 763 pau·
1091 690 1125 741 22

58 765 118 842 212,
142 764 259 848 quibus
276 769 367 830 metu
385 767 495 850 potior
511 765 619 832 fuerat
640 766 757 851 pudor,
780 766 932 852 colligere
951 767 1073 851 disper·

58 874 127 937 sos,
150 852 265 918 obvius
287 853 377 919 hosti
395 855 443 918 ire
461 854 569 938 pergit
587 854 840 938 elephantosque
860 859 936 920 ente
955 875 1072 940 agmen

59 961 192 1007 suornm
214 941 269 1026 agi
290 941 389 1006 iubet.
434 941 590 1027 Magnum
617 943 731 1008 beluae
754 943 891 1008 iniecere
913 947 1071 1008 terrorem
1090 956 1125 1005 22

57 1028 274 1113 insolitusque
297 1030 418 1096 stridor
440 1052 506 1096 non
527 1051 626 1114 equos
645 1031 750 1115 modo,
772 1035 841 1096 tam
859 1031 1012 1116 pavidum
1031 1031 1073 1096 ad

58 1117 170 1183 omnia
202 1117 339 1201 animal,
371 1117 428 1183 sed
459 1118 545 1184 viros
579 1139 705 1204 qnoque
737 1119 929 1204 ordinesque
960 1120 1072 1184 turba-

58 1208 161 1271 verat
205 1203 276 1270 lam
298 1205 396 1291 fugae
418 1206 720 1292 circumspiciebant
742 1208 850 1274 locum
873 1208 971 1292 paulo
995 1211 1070 1272 ante
1089 1220 1124 1268 24

57 1294 213 1374 victores,
240 1313 313 1358 cunr
334 1294 519 1360 Alexander
541 1295 703 1382 Agrianos
731 1300 765 1362 et
788 1295 931 1362 Thracas
956 1296 1073 1361 leviter

57 1383 212 1466 armatos,
229 1382 396 1447 meliorem
414 1385 657 1450 concursatione
676 1406 773 1469 quam
792 1385 971 1451 comminus
989 1384 1072 1448 mili-

57 1471 136 1555 tem,
158 1468 267 1535 emisit
289 1470 324 1535 in
346 1470 469 1536 beluas.
508 1471 678 1557 Ingentem
698 1472 734 1537 hi
751 1473 818 1537 vim
836 1472 975 1538 telorum
995 1473 1072 1537 1212
1091 1483 1126 1532 22

58 1580 133 1626 cere
156 1561 190 1623 22
210 1557 392 1643 elephantis
415 1563 448 1625 et
470 1561 656 1644 regentibus
679 1581 747 1625 eos:
779 1560 922 1644 phalanx
946 1582 1073 1645 quoque

56 1647 181 1712 instare
203 1650 392 1713 constanter
410 1647 534 1714 territis
553 1649 669 1733 coepit.
709 1645 773 1713 Sed
792 1648 922 1733 quidam
946 1649 1072 1713 avidius
1092 1660 1126 1709 22
1162 1728 1170 1736 .

56 1734 220 1820 persecuti
246 1736 358 1801 beluas
385 1737 419 1802 12
448 1739 550 1802 semet
570 1737 744 1801 inritavere
765 1736 962 1802 vulneribus.
1008 1735 1072 1802 Ob·

56 1824 136 1890 triti
155 1842 233 1909 ergo
256 1824 393 1908 pedibus
417 1846 526 1888 earum
549 1825 675 1908 ceteris,
697 1829 735 1889 ut
757 1824 886 1908 parcius
905 1825 1073 1907 instarent,

56 1913 152 1978 fuere
165 1911 403 1977 documentum.
438 1912 614 1996 Praecipue
632 1911 790 1977 terribilis
804 1912 862 1977 illa
880 1911 979 1977 facies
994 1916 1073 1990 erat,
1092 1924 1125 1972 27

57 2022 133 2067 cum
155 2021 255 2065 mann
282 2021 373 2065 arma
399 2000 549 2084 virosque
572 2000 770 2084 corriperent
792 2004 825 2065 et
848 2021 945 2084 super
968 2021 1002 2064 se
1025 2021 1073 2064 re·

58 2089 213 2175 gentibus
231 2088 404 2155 traderent.
445 2088 573 2172 Anceps
598 2108 675 2174 ergo
698 2108 809 2173 pugna
830 2110 916 2154 2222
939 2108 1073 2171 sequen·
1092 2099 1127 2150 22

56 2178 144 2244 tium
158 2197 244 2241 2222
257 2175 449 2260 fugientium
467 2176 656 2261 elephantos
670 2175 705 2239 12
718 2177 857 2241 multum
872 2176 933 2241 diei
947 2176 1072 2241 varium

58 2268 225 2342 certamen
243 2265 396 2329 extraxit:
415 2265 516 2330 donec
535 2265 755 2330 securibus-
772 2264 805 2329 id
818 2286 957 2350 namque
971 2285 1073 2349 genus

58 2352 176 2420 auxilii
194 2356 424 2436 praeparatum
443 2356 513 2418 erat
527 2387 568 2400 -
584 2352 682 2437 pedes
704 2357 873 2438 amputare
891 2357 1074 2435 coeperunt.

59 2439 203 2526 Copidas
226 2440 386 2506 vocabant
409 2440 536 2524 gladios
554 2440 669 2505 leviter
687 2444 845 2525 curvatos,
868 2440 1006 2505 falcibus
1030 2440 1072 2504 si·
1091 2452 1125 2501 22

58 2530 169 2610 miles,
196 2529 269 2613 quis
297 2529 492 2613 adpetebant
518 2528 688 2593 beluarum
714 2550 839 2594 manus.
887 2527 957 2593 Nee
986 2528 1074 2611 quic·

59 2639 160 2704 quam
179 2617 380 2701 inexpertum
402 2638 468 2682 non
490 2617 605 2681 mortis
628 2617 733 2699 modo,
756 2616 812 2681 sed
831 2616 930 2680 etiam
949 2615 984 2679 in
1002 2617 1075 2699 ipsa

10 2703 168 2775 ''Omorte
184 2706 262 2770 novi
282 2705 432 2789 supplicii
449 2704 549 2769 timor
570 2704 750 2770 omittebat.
791 2703 880 2789 Ergo
900 2703 1074 2786 elephanti,
1093 2714 1128 2764 2ο

59 2793 251 2861 vulneribus
272 2793 404 2858 tandem
432 2791 578 2876 fatigati,
605 2813 680 2858 suos
709 2793 832 2876 impetu
860 2794 1010 2856 sternunt
1033 2794 1075 2876 et,

60 2883 118 2968 qui
136 2884 286 2948 rexerant
303 2902 368 2965 eos,
386 2880 590 2965 praecipitati
603 2881 639 2945 in
655 2884 775 2945 terram
794 2880 835 2945 ab
854 2880 933 2963 ipsis
949 2879 1074 2944 obtere-

59 2972 191 3037 bantur.
236 2968 375 3053 Jamque
397 2990 557 3052 pecorum
584 2967 678 3035 modo
707 2969 813 3054 magis
840 2967 951 3052 pavidi
978 2989 1075 3051 quam

60 3059 173 3126 infesti
195 3057 283 3123 ultra
306 3057 407 3123 aciem
427 3057 652 3141 exigebantur:
675 3077 748 3122 cunr
766 3056 877 3139 Porus,
900 3055 1074 3121 destitutus
1093 3067 1128 3116 31

61 3170 83 3213 a
99 3146 258 3233 pluribus,
280 3146 347 3212 tela
364 3145 468 3210 multa
496 3148 570 3211 ante
588 3147 781 3229 praeparata
811 3145 846 3208 in
865 3143 1076 3212 circumfusos

62 3258 101 3302 ex
134 3234 308 3320 elephanto
341 3254 399 3299 suo
431 3235 539 3317 coepit
565 3233 712 3318 ingerere
744 3231 918 3318 multisque
951 3234 1076 3298 eminus

61 3323 242 3390 vulneratis
264 3321 430 3406 expositus
457 3323 527 3406 ipse
554 3321 700 3386 edictus
727 3321 867 3406 undique
894 3321 1076 3404 petebatur.

60 3411 188 3494 Novem
220 3411 285 3476 iam
318 3411 452 3476 vulnera
482 3410 559 3474 hinc
590 3413 699 3493 tergo,
735 3409 825 3475 illinc
860 3413 990 3494 pectore
1023 3431 1075 3474 ex·
1094 3420 1129 3470 22

61 3502 194 3586 ceperat
216 3498 383 3583 multoque
406 3498 564 3584 sanguine
581 3498 715 3581 profuso
739 3498 907 3582 languidis
926 3497 1087 3559 22221222

61 3590 166 3675 magis
180 3587 306 3673 ‘elapsa
333 3609 431 3673 quam
462 3609 601 3656 excussa
625 3586 700 3655 tela
723 3586 902 3653 mittebat.
942 3579 1031 3640 222
1057 3579 1174 3629 was
