2356 3846
125 160 189 224 116
496 162 528 228 o.
548 160 762 218 2112112211
819 120 821 125 ’

70 325 105 374 22
124 327 238 371 212122
257 309 290 371 21
302 305 507 371 insatiabiles
521 327 636 372 212221
654 306 805 390 porrigis.
836 303 920 380 Quid
933 304 1134 370 tibi'divitiis

123 415 203 478 opus
232 398 295 477 est,
327 415 408 478 quae
435 395 555 460 esurire
581 402 617 459 te
645 393 785 478 cogunt?
834 392 962 458 Primus
991 394 1135 459 omnium

124 483 275 547 satietate
294 482 419 566 parasti
437 482 569 566 famem,
586 485 636 565 ut,
654 504 718 566 quo
736 481 833 565 plura
849 480 1001 565 haberes,
1020 482 1136 566 221122,

68 589 104 638 21
123 591 205 653 quae
224 592 289 635 non
306 570 420 654 habes,
439 593 579 655 cuperes.
615 568 691 635 Non
710 569 868 636 succurrit
884 569 958 654 tibi,
982 570 1136 653 quamdiu

122 659 242 723 circum
269 658 387 724 Bactra
413 659 569 724 haereas?
603 658 678 722 dum
705 658 780 722 illos
808 657 946 742 subigis,
978 656 1137 743 Sogdiani

121 745 245 812 bellare
274 751 458 830 coeperunt.
507 746 725 812 Bellumeibi
752 767 791 810 ex
817 745 955 810 victoria
982 747 1136 811 nascitur.

121 833 208 899 Nam
235 838 272 900 ut
294 836 399 902 212121
423 835 600 919 fortiorque
624 835 669 900 sis
692 856 790 918 quam
813 835 997 918 quisquam,
1024 837 1137 900 tamen

69 941 103 991 22
123 923 337 1008 alienigenam
365 923 530 989 dominum
557 923 627 1006 pati
653 944 747 988 nemo
772 922 853 987 vult.
897 921 1016 986 Transi
1038 921 1178 988 mod03

123 1010 264 1077 Tanain:
295 1012 390 1095 scies,
423 1033 520 1096 quarn
547 1012 614 1076 late
640 1015 787 1094 pateant,
818 1031 995 1094 numquam
1022 1014 1136 1076 tamen

123 1100 327 1183 consequeris
356 1098 504 1184 Scythas.
552 1098 732 1182 Paupertas
763 1101 876 1163 222112
902 1098 1046 1164 12122121
1074 1101 1138 1164 2111

123 1209 219 1271 quam
239 1188 396 1252 2112121122
414 1190 499 1270 1222,
522 1188 578 1272 qui
599 1187 753 1271 praedam
774 1190 826 1252 tot
843 1187 1011 1251 nationum
1034 1187 1136 1253 vehit.

69 1295 102 1344 22
122 1275 262 1359 Rursus,
284 1296 356 1339 cum
379 1276 492 1358 procul
515 1276 704 1340 2122222222
723 1274 845 1358 eredes,
868 1273 993 1339 videbis
1011 1275 1046 1339 in
1068 1276 1136 1340 tuis

122 1363 248 1426 eastris.
284 1361 408 1427 Eadem
422 1363 509 1428 22121
522 1363 694 1428 1212211212
709 1366 742 1427 21
758 1363 922 1447 sequimur
936 1366 969 1427 et
982 1362 1137 1448 fugimus.

123 1449 318 1534 Scytharum
342 1451 532 1516 solitudines
555 1450 688 1516 Graecis
711 1451 811 1516 etiam
833 1451 1014 1534 proverbiis
1038 1453 1136 1524 221112

69 1538 217 1607 24212111.
263 1537 309 1602 At
332 1561 391 1604 222
415 1539 542 1604 deserta
564 1544 597 1604 et
622 1539 764 1604 humano
788 1539 877 1603 cultu
903 1559 1005 1603 12222
1028 1542 1136 1625 magis

123 1649 219 1711 quam
250 1627 346 1691 urbes
379 1631 411 1691 et
444 1628 614 1710 opulentos
648 1647 743 1711 agros
773 1627 944 1710 sequimur.
993 1626 1136 1693 Proinde

121 1714 299 1780 Fortunam
321 1719 411 1780 tuam
435 1715 555 1798 pressis
578 1715 726 1780 manibus
749 1718 837 1780 tene:
860 1714 986 1780 lubrica
1003 1719 1055 1781 221
1076 1738 1137 1782 neo

121 1805 225 1868 invita
243 1804 346 1868 teneri
368 1807 486 1887 potest.
528 1801 661 1868 Salubre
682 1803 853 1868 consilium
876 1824 1012 1887 sequens
1036 1827 1136 1888 quam

121 1912 274 1974 praesens
292 1896 421 1974 tempus
438 1892 588 1956 ostendet
606 1890 736 1956 melius:
754 1892 872 1974 inpone
889 1891 1040 1956 felicitati
1059 1896 1135 1958 tuae

69 1999 103 2047 22
121 1980 244 2062 frenos,
260 1979 389 2044 12211122
407 1979 499 2043 111221
516 1998 618 2064 reges.
654 1977 768 2045 Nostri
786 1979 854 2044 2122
872 1979 1007 2063 pedibus
1021 1980 1135 2046 dieunt

121 2088 191 2131 esse
204 2066 383 2132 Fortunam
403 2069 499 2150 [quae
522 2089 636 2132 manus
660 2070 693 2131 et
713 2068 829 2150 pinnas
852 2071 981 2132 tantum
1004 2067 1133 2151 habet]:

66 2175 70 2187 ¹
121 2176 195 2219 cum
231 2176 345 2219 manus
386 2154 539 2239 porrigit,
580 2155 695 2239 pinnas
737 2176 864 2238 quoque
898 2156 1133 2239 conprehende.

68 2262 102 2310 aa
121 2243 265 2326 Denique
285 2242 405 2306 sidens
425 2264 469 2324 es,
486 2243 629 2307 tribuere
643 2243 836 2308 mortalibus
855 2243 1012 2308 beneficia
1025 2245 1134 2331 debes,

120 2352 187 2396 222
201 2352 259 2395 222
274 2329 409 2412 eripere:
432 2331 484 2395 212
498 2334 607 2395 autem
620 2331 719 2396 homo
733 2351 777 2414 es,
795 2331 829 2395 id
843 2330 929 2415 quod
943 2352 986 2417 22,
1006 2354 1134 2419 semper

122 2441 191 2484 esse
213 2423 247 2482 12
266 2419 384 2501 cogita.
420 2416 563 2483 Stultum
581 2423 632 2484 est
650 2440 761 2484 eorum
779 2420 976 2504 meminisse,
998 2426 1135 2507 propter

68 2529 203 2592 2111222
235 2507 283 2572 tui
314 2506 524 2572 obliviscaris.
575 2505 698 2583 Quibus
730 2507 852 2572 bellum
883 2528 950 2572 non
976 2508 1134 2595 intuleris,

120 2597 214 2661 bonis
234 2596 345 2660 2211212
368 2597 490 2679 poteris
513 2595 571 2660 uti.
606 2594 693 2661 Nam
716 2599 749 2659 et
770 2595 957 2660 firmissima
974 2600 1027 2662 est
1049 2599 1133 2664 inter

120 2706 215 2767 pares
235 2685 379 2749 amicitia
395 2688 428 2749 et
441 2684 591 2749 videntur
608 2704 713 2767 pares,
726 2684 782 2767 qui
798 2705 865 2748 non
882 2683 1030 2750 fecerunt
1048 2687 1133 2753 inter

68 2791 102 2840 22
122 2793 155 2834 22
178 2773 357 2855 periculum
382 2772 511 2837 virium.
556 2770 643 2847 Quos
670 2771 800 2855 viceris,
827 2772 948 2838 amicos
974 2774 1039 2838 tibi
1063 2796 1132 2841 esse

121 2880 197 2924 eave
221 2861 346 2925 credas:
373 2861 459 2924 inter
481 2859 646 2923 dominum
669 2864 702 2924 et
725 2861 965 2941 servumnulla
987 2863 1131 2928 amicitia

67 2966 101 3014 22
121 2949 179 3029 221,
198 2949 296 3012 etiam
314 2949 348 3013 12
366 2969 445 3031 paoe
463 2946 543 3011 belli
560 2950 670 3011 tamen
688 2947 760 3012 iura
778 2952 958 3015 servantur.
992 2948 1131 3016 Iurando

121 3036 261 3118 gratiam
284 3034 422 3120 Scythas
446 3036 571 3100 sancire
593 3055 634 3099 22
657 3034 845 3102 credideris:
873 3037 1007 3104 colendo
1036 3039 1131 3104 fidem

120 3123 239 3187 iurant.
289 3122 486 3190 Graecorum
518 3123 584 3187 1212
611 3123 718 3188 222112
748 3127 811 3208 221,
842 3126 899 3210 qui
928 3129 1027 3210 112212
1058 3149 1131 3194 oon·

121 3211 253 3294 signant
275 3216 308 3277 21
331 3212 408 3278 deos
431 3213 596 3277 invocant:
619 3232 678 3277 nos
701 3210 895 3296 religionem
918 3214 952 3280 in
975 3215 1048 3299 ipsa
1068 3215 1131 3282 fido

119 3300 279 3382 ponimus.
327 3299 390 3375 oui
417 3322 482 3367 non
508 3302 695 3366 reverentur
717 3299 878 3386 homines,
904 3302 1024 3369 fallunt
1045 3303 1131 3371 deos

118 3386 152 3452 N
154 3409 189 3452 eo
213 3387 274 3452 tibi
294 3388 397 3453 amico
413 3409 492 3471 opus
508 3391 571 3472 221,
589 3387 628 3453 de
647 3387 736 3452 ouius
756 3389 976 3457 benivolentia
994 3391 1131 3459 dubites

46 3472 262 3542 2202121221
290 3498 354 3544 nos
378 3479 412 3544 et
438 3476 538 3543 Asiae
566 3479 599 3542 et
626 3474 776 3562 Europae
804 3479 952 3546 custodes
980 3479 1131 3548 habebis:

85 3559 231 3650 Baetra,
250 3568 324 3638 nisi
341 3568 477 3640 dividat
495 3567 636 3651 Tanais,
654 3566 892 3653 contingimus:
903 3567 995 3630 21112
1003 3567 1135 3634 'tanda
