2370 3834
496 213 715 277 ..19-

93 371 218 436 victum
240 375 388 436 nostrum
412 393 566 456 quaerere
594 373 789 458 poterimus,
816 373 933 438 addere
961 373 1054 459 volo,
1074 394 1116 438 ne

93 459 192 524 nimis
215 459 327 524 videar
350 481 420 524 esse
444 459 603 526 onerosa'.

183 547 230 613 Et
245 547 417 614 extrahens
432 549 515 614 illud
525 552 752 634 sumptuosum
764 553 798 614 et
811 551 921 616 nobile
937 551 1116 637 encenium,
1125 547 1169 614 30

94 637 181 722 quod
212 637 248 701 in
283 659 412 702 recessu
444 637 580 703 dederat
613 638 677 703 sibi
709 641 815 704 mater
848 663 920 723 sua,
956 640 1040 706 dixit
1071 642 1115 707 ei:

63 725 192 792 ⁶‘Flcce
220 726 388 791 encenium
415 727 499 792 illud
526 727 675 792 vendatis
704 731 738 792 et
766 727 806 792 de
833 729 940 812 pretio
970 730 1038 794 eius
1067 730 1115 795 in·

92 816 262 881 veniamus
290 815 422 881 modum
452 817 608 901 aliquem,
635 837 694 900 per
722 838 819 901 quern
845 817 1025 900 poterimus
1053 839 1115 883 nos

92 902 239 971 nutrire'.
272 902 394 969 Videns
415 910 525 970 autem
543 905 669 971 Helena
691 906 934 989 pretiositatem
951 906 1048 971 huius
1067 906 1116 973 rei

94 993 242 1077 dubium,
269 993 355 1079 quod
374 994 459 1059 circa
478 995 583 1060 relata
599 1016 658 1079 per
675 993 781 1059 filium
801 995 840 1060 de
856 1017 891 1059 re
910 998 979 1059 tam
998 995 1116 1081 grandi

92 1083 185 1167 prius
203 1082 377 1166 habuerat,
401 1105 421 1147 a
440 1105 474 1148 se
492 1083 599 1167 coepit
616 1105 784 1149 removere
804 1087 837 1148 et
856 1084 1011 1169 cogitare,
1030 1083 1116 1168 quod

51 1187 80 1228 1⁰
92 1171 156 1236 hoc
173 1192 240 1236 non
259 1174 330 1235 erat
348 1170 519 1237 hominum
536 1194 731 1257 pauperum,
756 1173 813 1238 sed
831 1173 1039 1257 imperatoris
1059 1176 1117 1237 aut

92 1279 209 1344 regum
240 1260 294 1324 vel
310 1270 521 1344 'magnorum
550 1261 629 1325 filiis
663 1265 696 1326 et
728 1261 858 1328 filiabus
886 1262 970 1327 talia
997 1284 1017 1327 a
1047 1263 1114 1326 suis

93 1348 287 1432 parentibus
310 1348 503 1413 condonare.
541 1347 605 1414 Sed
623 1353 735 1414 tamen
752 1351 842 1416 intra
866 1372 900 1415 se
922 1352 1115 1435 plusquam

93 1440 193 1502 antea
213 1436 327 1501 timuit
349 1436 516 1521 cogitans:
549 1436 596 1503 ‘si
618 1438 683 1502 ista
702 1441 753 1502 est
770 1440 859 1503 tanti
876 1439 1018 1504 hominis
1037 1439 1116 1524 filia,

92 1529 130 1591 ut
158 1525 238 1590 dicit
265 1529 299 1590 et
321 1526 401 1591 satis
424 1526 506 1590 mihi
530 1529 679 1610 apparet,
712 1548 775 1611 quo
799 1531 966 1610 comperto
990 1528 1114 1612 poteris

51 1629 78 1672 1⁶
91 1636 160 1680 non
183 1614 289 1680 solum
312 1615 418 1680 filium
441 1615 572 1699 quidem
595 1615 761 1698 perditum
785 1619 818 1680 et
840 1615 1009 1680 inventum
1037 1620 1115 1682 tunc

92 1725 168 1769 vere
190 1703 339 1789 perdere,
363 1704 419 1768 sed
442 1708 476 1768 te
496 1707 529 1769 et
548 1725 661 1769 omnes
681 1726 754 1769 cum
776 1705 892 1788 quibus
913 1705 1115 1770 conversaris

93 1791 135 1857 ad
161 1792 343 1877 periculum
370 1792 486 1857 mortis
514 1791 613 1859 dare?
661 1791 895 1858 Verumtamen
921 1793 957 1857 in
984 1793 1115 1859 domino

92 1880 222 1947 firmam
242 1903 334 1965 spem
351 1903 477 1966 ponens
497 1880 580 1946 dixit
598 1881 634 1946 in
652 1881 747 1946 eorde
762 1904 834 1947 suo:
853 1880 1006 1947 ‘Domine
1027 1882 1116 1962 deus,

93 1971 149 2054 qui
180 1971 271 2034 nosti
303 1971 414 2035 omnia
446 1972 623 2054 antequam
654 1970 750 2055 fiant,
782 1975 820 2036 tu
853 1971 931 2055 scis,
973 1971 1115 2055 qualiter

52 2073 78 2114 ¹⁰
94 2062 209 2124 contra
223 2080 353 2124 omnem
366 2059 570 2125 voluntatem
590 2079 696 2123 meam
716 2081 872 2143 oppressa
890 2059 995 2124 filium
1014 2060 1115 2124 istum

92 2145 196 2212 (lonst
181 2147 344 2213 tantinum
369 2148 476 2213 de't
430 2151 496 2213 1sto
521 2149 680 2233 sacrilego
708 2148 906 2232 imperatore
932 2148 1060 2232 suscepi
1083 2151 1116 2212 et

92 2235 202 2319 ipsum
230 2236 268 2300 de
297 2237 465 2302 laboribus
494 2258 648 2301 manuum
675 2259 821 2301 mearum
850 2237 997 2322 educavi3
1028 2236 1114 2320 quod

93 2346 222 2410 quoque
255 2347 315 2390 nec
347 2329 423 2390 ante
455 2346 514 2390 nec
544 2329 621 2410 post
652 2325 758 2390 virum
796 2325 984 2410 aliquem
974 2347 1009 2389 1n
1042 2347 1115 2390 con·

94 2414 296 2496 cupiscentia
319 2414 426 2479 carnis
449 2414 540 2498 novi,
564 2414 620 2478 sed
643 2414 719 2516 tibi,
744 2414 876 2480 domino
900 2415 973 2496 deo,
997 2435 1114 2497 corpus

50 2517 77 2558 2⁶
94 2523 204 2566 meum
232 2503 490 2586 immaculatum,
523 2502 719 2587 quantum
709 2525 744 2566 1n
766 2523 818 2566 me
841 2502 919 2586 fuit,
952 2505 1023 2567 cust
1008 2502 1114 2567 todire

92 2591 247 2676 cogitavi.
284 2589 347 2655 Sed
371 2591 461 2675 quia,
484 2591 630 2675 domine,
651 2591 733 2656 haec
755 2591 791 2655 in
808 2614 861 2656 me
880 2595 914 2656 et
931 2612 1016 2656 nunc
1039 2591 1114 2655 sub·

92 2679 264 2763 sequentia
284 2680 349 2744 ista
372 2680 406 2743 in
435 2679 503 2745 filio
528 2702 600 2744 meo
624 2680 697 2744 fieri
718 2680 867 2764 voluisti,
895 2680 957 2746 tibi
980 2683 1014 2744 et
1036 2682 1113 2744 tuae

91 2768 270 2833 immensae
289 2768 532 2835 misericordiae
553 2769 742 2833 commendo
762 2773 795 2834 et
812 2769 919 2854 ipsum
942 2772 976 2834 et
995 2768 1114 2852 omnia,

92 2878 176 2941 quae
203 2857 242 2921 de
269 2857 364 2922 nobis
393 2857 521 2922 miseris
545 2858 702 2923 creaturis
726 2857 792 2924 tuis
819 2857 925 2924 facere
949 2857 1114 2942 cogitasti,

48 2960 77 3003 ⁸⁰
92 2946 134 3011 ad
149 2947 298 3011 effectum
314 2946 490 3011 secundum
510 2946 771 3032 magnitudinem
789 2950 865 3011 tuae
883 2945 1113 3012 inenarrabilis

90 3034 226 3118 piatatis
249 3034 487 3119 perducantur'.

164 3209 347 3265 benceninm
365 3224 415 3266 om.
434 3210 472 3264 D.
555 3209 752 3279 dpoteramus
771 3210 861 3276 codd,
879 3207 1035 3279 poterimus
1055 3224 1112 3263 eor·

90 3282 161 3336 reci.
217 3283 302 3338 ilde
320 3280 1019 3352 aprouomimisquoefrpay.1r,1ret21,o.
1077 3285 1112 3335 16

91 3352 220 3420 vereD,
238 3352 361 3408 veroF
436 3358 609 3408 18suoom.
627 3351 665 3408 D
740 3321 953 3406 23virumom.
974 3350 1010 3406 F.
1076 3356 1112 3431 ².4

91 3421 207 3478 domino
227 3423 280 3478 deo
298 3425 337 3491 D,
355 3423 469 3478 domine
488 3423 557 3478 deus
576 3422 613 3476 F
673 3426 708 3477 26
728 3421 840 3476 domine
859 3438 910 3478 om
930 3421 966 3478 F
1027 3426 1062 3477 77
1081 3419 1112 3474 in

90 3493 151 3550 filio
165 3511 211 3551 me
225 3496 311 3565 codd,
328 3511 392 3551 meo
407 3497 521 3552 correct.
577 3499 609 3549 31
627 3492 819 3564 perducantur
831 3493 870 3565 D,
888 3492 1059 3563 perducatur
1074 3491 1113 3547 F

925 3583 968 3620 Ἣ·
