2356 3846
123 160 188 226 236
496 157 528 223 Q.
547 157 659 214 cuum
676 157 763 214 RUFI

118 306 314 371 memorant:
343 322 459 386 aegros
487 302 618 367 relictos
646 303 770 385 cepisse
801 300 923 385 sedem,
951 322 1051 386 quam
1072 302 1131 386 ipsi

83 407 100 457 3
120 394 319 460 obtinebant.
347 391 454 455 Pelles
472 390 615 455 ferarum
628 411 686 474 pro
703 393 801 476 veste,
820 391 931 456 clavae
944 391 1015 456 tela
1030 395 1129 457 erant:

119 483 285 564 multaque
305 480 414 562 etiam,
433 501 503 544 oum
519 478 634 544 Graeci
652 500 759 544 mores
779 479 1006 563 exolevissent,
1025 478 1131 563 stirpis

84 583 102 633 4
121 569 337 636 ostendebant
364 569 511 653 vestigia.
548 567 634 634 Hinc
657 567 845 633 escensione
871 567 961 634 facta
988 583 1033 634 cc
1056 571 1131 632 etn

122 658 228 723 stadia
242 657 380 722 excessit
393 657 671 741 depopulatusque
683 657 850 740 regionem
861 656 1029 742 oppidum,
1043 659 1133 741 caput

86 759 102 808 5
122 747 199 829 eius,
218 767 337 810 corona
356 746 449 828 cepit.
485 763 532 809 ιιι,
550 744 696 828 peditum
710 745 803 809 milia
817 743 996 831 Agalasses
1016 745 1053 809 in
1070 745 1134 829 ripa

121 835 289 898 fluminum
313 837 543 917 opposuerant:
567 854 767 918 quaeamus
791 837 943 917 superato
967 834 1004 898 in
1028 833 1133 920 fugam

122 922 268 1006 conpulit
290 923 494 1005 inclusosque
518 923 688 986 moenibus
711 926 884 1006 expugnat.
923 920 1071 987 Puberes
1092 944 1134 987 rn-

88 1011 252 1076 oterfecti
270 1015 355 1089 sunt,
374 1011 473 1075 ceteri
495 1010 673 1075 venierunt.
713 1009 861 1075 Alteram
886 1010 1004 1076 deinde
1026 1010 1135 1076 urbem

123 1119 306 1184 expugnare
335 1099 466 1163 adortus
489 1119 672 1182 magnaque
698 1098 731 1163 vi
758 1098 1000 1194 defendentium
1028 1100 1134 1184 pulsus

122 1189 243 1252 multos
276 1187 488 1252 Macedonum
521 1186 639 1251 amisit.
694 1184 757 1252 Sed
794 1208 866 1253 oum
903 1187 938 1251 in
971 1187 1135 1254 obsidione

123 1279 374 1360 perseverasset,
398 1275 548 1360 oppidani
571 1274 744 1360 desperata
768 1276 874 1340 salute
899 1276 1013 1360 ignem
1037 1276 1135 1341 subis

126 1386 196 1428 cere
219 1364 314 1428 tectis
339 1384 435 1446 seque
460 1384 497 1429 ac
520 1362 638 1428 liberos
664 1365 880 1449 coniugesque
903 1364 1057 1430 incendio
1077 1384 1136 1430 cre-

90 1455 226 1517 tmant.
272 1450 364 1526 Quod
388 1473 459 1516 oum
481 1452 546 1535 ipsi
570 1457 741 1536 augerent,
767 1452 878 1517 hostes
902 1453 1135 1538 extinguerent,

123 1562 208 1604 nova
239 1540 345 1604 forma
378 1561 506 1624 pugnae
539 1543 617 1605 erat.
667 1540 829 1605 Delebant
859 1540 986 1605 incolae
1019 1541 1136 1624 urbem,

22 1669 30 1677 -
124 1628 236 1693 hostes
264 1627 494 1692 defendebant:
521 1628 601 1693 adeo
628 1628 727 1693 etiam
753 1632 888 1693 naturae
915 1629 989 1694 iura
1017 1629 1136 1695 bellum

89 1718 160 1781 sin
192 1717 389 1781 contrarium
421 1719 536 1781 mutat.
590 1716 667 1793 Aru¹
692 1720 761 1782 erat
792 1716 904 1802 oppidi
934 1717 1079 1802 intacta,
1107 1718 1136 1783 in

126 1827 190 1888 qua
212 1804 409 1888 praesidium
432 1804 614 1888 dereliquit.
649 1804 723 1889 Ipse
746 1805 885 1890 navigiis
904 1805 1136 1873 circumvectus

125 1898 175 1958 est
208 1915 323 1958 arcem.
378 1892 504 1976 Quippe
536 1910 576 1956 111
611 1893 746 1957 flumina
778 1897 849 1958 tota
883 1893 979 1958 India
1010 1886 1166 1978 praeterii

125 1980 261 2066 Gangen
297 1981 440 2046 maxima
475 1981 676 2046 munimento
709 1981 791 2046 arcis
829 1981 997 2065 adplicant
1028 1984 1138 2050 undas.

125 2070 156 2134 A
193 2071 412 2153 septentrione
452 2068 550 2133 Indus
592 2068 711 2153 adluit,
752 2092 771 2134 a
811 2069 945 2134 meridie
983 2069 1137 2138 Acesines

89 2157 275 2241 eHydaspi
300 2156 517 2222 confunditur.
562 2154 714 2223 Ceterum
740 2159 884 2223 amnium
907 2162 1020 2224 coetus
1046 2160 1138 2227 mari·

124 2246 216 2309 timis
241 2245 364 2309 similes
388 2246 502 2310 fluctus
526 2248 636 2310 movet
654 2247 821 2330 multoque
845 2268 882 2311 ao
900 2246 1033 2313 turbido
1054 2249 1140 2334 limo,

126 2333 210 2417 quod
239 2355 396 2415 aquarum
423 2354 579 2398 concursu
606 2334 742 2399 subinde
771 2335 935 2418 turbatur,
966 2336 1048 2419 iter,
1066 2358 1140 2422 -qua

74 2425 253 2485 remeatur
280 2421 433 2505 navigiis,
464 2420 500 2485 in
525 2425 655 2486 tenuem
686 2422 813 2486 alveum
840 2423 975 2506 cogitur.
1025 2424 1141 2513 Itaque

126 2531 198 2574 cum
235 2509 338 2575 crebri
373 2509 489 2573 fluctus
526 2530 560 2573 se
597 2509 784 2575 inveherent
820 2513 854 2574 et
888 2511 1021 2575 navium
1068 2514 1142 2581 hino

125 2620 253 2681 proras,
280 2597 355 2661 hino
382 2597 487 2662 latera
513 2597 695 2681 pulsarent,
722 2597 898 2662 subducere
924 2603 1049 2665 nautae
1073 2603 1143 2669 vela

127 2689 308 2770 coeperunt.
363 2683 424 2749 Sed
455 2685 637 2750 ministeria
668 2707 779 2750 eorum
815 2684 890 2750 binc
923 2692 1029 2772 metu,
1069 2690 1144 2757 hino

75 2784 107 2833 11
126 2773 318 2857 praerapida
341 2773 507 2837 celeritate
530 2773 698 2838 fluminum
723 2778 930 2858 occupantur.
974 2773 1014 2839 In
1040 2780 1144 2845 oeulis

127 2861 272 2925 omnium
300 2861 362 2925 duo
387 2859 516 2924 maiora
537 2862 669 2945 navigia
696 2862 862 2927 submersa
892 2864 977 2928 sunt:
1008 2864 1145 2955 leuiore,

128 2968 200 3012 cum
228 2950 261 3012 et
287 2947 359 3032 ipsa
386 2946 557 3030 nequirent
583 2949 672 3035 regi,
694 2950 727 3013 in
750 2950 855 3035 ripam
877 2953 986 3014 tamen
1008 2952 1146 3023 innoxia

129 3035 261 3119 expulsa
284 3038 367 3100 sunt.
402 3034 478 3119 Ipse
496 3056 553 3100 rex
574 3037 608 3100 in
625 3036 848 3120 rapidissimos
862 3039 1000 3104 vertices
1019 3041 1147 3126 incidit,

129 3123 244 3206 quibus
272 3123 395 3188 intorta
417 3122 509 3188 navis
534 3124 666 3208 obliqua
689 3129 721 3188 et
745 3126 954 3209 gubernaculi
976 3128 1147 3213 inpatiens

77 3224 108 3273 ιι
129 3211 294 3294 agebatur.
335 3209 405 3274 Iam
428 3214 551 3276 vestem
577 3212 762 3278 detraxerat
785 3215 911 3298 corpori
938 3217 1147 3299 proiecturus

129 3301 231 3364 semet
258 3298 293 3362 in
319 3298 439 3364 flumen
467 3300 639 3384 amicique,
665 3303 702 3365 ut
730 3301 913 3385 exciperent
938 3325 1027 3391 eum,
1057 3309 1148 3379 haud

128 3387 240 3473 procul
272 3387 397 3452 nebant
430 3388 670 3473 adparebatque
706 3411 822 3474 anceps
858 3391 1043 3476 periculum
1080 3404 1148 3466 tam

68 3488 107 3539 13
121 3474 273 3543 nataturi
302 3497 399 3563 quam
426 3477 583 3560 navigare
609 3479 854 3563 perseverantis.
899 3479 989 3565 Ergo
1017 3484 1147 3572 ingenti

111 3568 297 3638 certamine
313 3566 485 3638 concitant
498 3587 609 3634 remos
628 3569 814 3652 quantaque
822 3566 877 3630 uis
885 3567 1038 3635 *numana
1048 3576 1149 3657 lffltl
