2356 3846
229 121 486 210 maroanavn
504 155 721 210 scamnum
739 154 803 225 vu,
822 161 847 210 a.
867 161 891 210 a.
1002 153 1064 218 177

55 321 159 385 usque
174 299 214 364 ad
228 299 400 364 Thraciam
419 300 566 365 colimus:
585 297 743 364 Thraciae
756 298 978 364 Macedoniam
993 320 1066 363 con·

56 390 201 453 iunctam
221 410 290 452 ease
308 388 397 453 fama
413 388 487 453 fert.
523 386 660 471 Utrique
679 387 814 470 imperio
834 391 890 452 tuo
910 387 1066 451 finitimos

55 476 168 541 hostes
189 497 231 540 an
245 476 365 541 amicos
379 476 460 542 velis
475 497 554 560 esse,
569 474 756 540 considera'.
792 475 881 541 Haec
899 475 1067 540 barbarus.
1084 490 1087 495 ’

479 614 558 681 One.
582 615 636 680 IX.

10 765 46 829 36
145 736 266 804 Contra
288 760 344 804 rex
366 738 498 805 fortuna
520 761 580 804 sua
599 742 632 804 et
650 739 793 804 consiliis
811 760 922 803 eorum
941 761 975 802 se
993 760 1066 804 usu·
1086 741 1101 789 1

55 848 130 891 rum
148 849 217 892 esse
239 827 427 910 respondet:
450 849 527 891 nam
546 831 579 891 et
596 827 770 911 fortunam,
788 828 840 891 cui
859 827 1012 910 confidat,
1033 832 1066 891 et

56 915 227 980 consilium
258 914 477 996 suadentium,
511 936 551 980 ne
583 914 660 998 quid
692 920 812 980 temere
849 918 882 978 et
915 914 1067 979 audacter

56 1003 169 1081 faciat,
193 1007 386 1068 secuturum.
430 1001 645 1087 Dimissisque
668 1003 784 1087 legatis
803 1003 838 1067 in
855 1004 1101 1086 praeparatas2

55 1094 144 1155 rates
164 1091 339 1156 exercitum
357 1090 511 1174 inposuit.
546 1089 585 1154 In
602 1091 708 1175 proris
728 1091 883 1174 clipeatos
902 1091 1069 1156 locaverat

55 1179 162 1244 iussos
193 1179 229 1242 in
260 1199 365 1264 genua
396 1178 574 1261 subsidere,
607 1201 671 1265 quo
702 1180 839 1243 tutiores
872 1183 981 1242 essent
1012 1179 1065 1242 ad-

56 1288 169 1330 versus
192 1267 276 1331 ictus
299 1267 502 1350 sagittarum.
548 1268 629 1333 Post
650 1267 723 1349 hos,
752 1267 807 1350 qui
830 1269 997 1331 tormenta
1015 1267 1064 1330 in·
1084 1267 1100 1314 3

55 1353 238 1436 tenderent,
270 1355 403 1419 stabant
432 1358 465 1419 et
492 1355 532 1419 ab
561 1358 697 1439 utroque
725 1356 825 1418 latere
854 1358 886 1418 et
912 1377 933 1418 a
959 1354 1067 1418 fronte

55 1441 246 1506 circumdati
267 1443 411 1507 armatis.
455 1441 599 1526 Reliqui,
627 1443 682 1526 qui
708 1446 783 1525 post
805 1446 971 1507 tormenta
994 1465 1067 1507 con·

55 1531 222 1614 stiterant,
239 1531 395 1615 remigem
412 1531 514 1595 lorica
531 1553 597 1595 non
615 1531 763 1595 indutum
782 1535 947 1595 scutorum
965 1533 1067 1594 testu-

55 1617 132 1683 dine
160 1618 278 1683 armati
305 1618 530 1702 protegebant.
573 1617 664 1683 Idem
692 1616 769 1681 ordo
793 1618 916 1682 inillis
941 1617 1104 1701 quoque4

56 1706 199 1790 ratibus,
222 1727 303 1790 quae
326 1708 468 1790 equitem
490 1706 665 1790 vehebant,
688 1709 834 1770 servatus
858 1708 917 1770 est.
961 1705 1069 1771 Maior

55 1816 134 1879 pars
162 1815 183 1858 a
208 1816 315 1877 puppe
344 1799 459 1859 nantes
484 1816 583 1878 equos
606 1793 686 1859 loris
709 1793 871 1857 trahebat.
915 1791 962 1856 At
984 1793 1069 1877 illos,

56 1902 139 1966 quos
163 1884 252 1946 utres
276 1885 452 1947 stramento
476 1882 594 1966 repleti
615 1881 789 1964 vehebant,
813 1881 958 1945 obiectae
981 1884 1068 1945 rates

56 1969 242 2034 tuebantur.
281 1968 357 2052 Ipse
379 1992 436 2034 rex
458 1991 531 2034 oum
554 1969 686 2034 delectis
704 1969 828 2051 primus
847 1972 951 2032 ratem
970 1969 1069 2034 solvit
1088 1966 1104 2014 ⁵

58 2061 92 2121 et
110 2058 147 2122 in
163 2057 268 2141 ripam
286 2057 383 2142 dirigi
402 2058 505 2122 iussit.
544 2056 605 2122 Oui
619 2055 758 2142 Scythae
773 2056 920 2121 admotos
940 2056 1068 2121 ordines

58 2146 205 2229 equitum
227 2145 261 2208 in
283 2145 388 2228 primo
410 2146 500 2228 ripae
523 2147 668 2229 margine
692 2147 872 2227 opponunt,
895 2149 993 2209 utne
1017 2146 1069 2209 ad·

56 2233 174 2317 plicari
197 2232 326 2316 quidem
348 2239 455 2298 terrae
477 2237 563 2298 rates
585 2237 729 2316 possent.
770 2230 920 2297 Ceterum
940 2231 1104 2316 praeter6

57 2321 142 2387 hane
161 2321 301 2404 speciem
319 2321 399 2405 ripis
417 2321 629 2404 praesidentis
652 2320 825 2403 exercitus,
848 2321 963 2405 ingens
981 2322 1070 2386 navi-

59 2413 174 2494 gantes
197 2411 302 2473 terror
320 2409 495 2474 invaserat:
518 2430 657 2492 namque
680 2430 809 2473 cursum
828 2408 1071 2492 gubernatores,

59 2518 131 2561 eum
147 2496 280 2580 obliquo
295 2496 425 2561 flumine
440 2497 684 2580 inpellerentur,
703 2515 815 2578 regere
834 2516 900 2559 non
918 2499 1071 2578 poterant

57 2584 313 2667 vacillantesque
331 2585 453 2649 milites
472 2589 513 2665 et,
530 2606 570 2649 ne
590 2586 822 2666 excuterentur,
842 2583 975 2647 solliciti
992 2605 1070 2648 nau-

58 2676 166 2738 tarum
189 2672 370 2737 ministeria
392 2672 610 2738 turbaverant.
650 2670 701 2737 Ne
724 2671 791 2735 tela
813 2670 942 2753 quidem
963 2668 1104 2734 conati⁷

57 2761 132 2826 nisu
155 2759 285 2824 vibrare
307 2763 469 2845 poterant,
493 2782 567 2825 cum
589 2759 680 2843 prior
703 2758 811 2823 standi
834 2759 902 2822 sine
925 2759 1069 2841 periculo

59 2870 157 2933 quam
178 2847 308 2913 hostem
330 2849 511 2913 incessendi
535 2870 611 2913 cura
633 2850 727 2912 esset.
744 2842 755 2865 ‘
774 2845 950 2911 Tormenta
973 2846 1072 2911 saluti

57 2935 201 3019 fuerunt,
234 2936 350 3020 quihus
380 2936 414 3000 in
440 2936 604 3001 confertos
633 2956 671 3000 ao
697 2939 818 2998 temer'e
842 2955 876 2998 se
898 2933 1070 2999 offerentes

57 3023 145 3090 haud
163 3023 286 3089 frustra
304 3045 438 3089 excussa
457 3029 532 3088 sunt
549 3025 625 3089 tela.
659 3022 797 3088 Barbari
816 3043 942 3106 quoque
960 3023 1071 3106 ingen·
1090 3021 1106 3070 8

56 3115 125 3179 tem
143 3111 213 3177 vim
232 3112 426 3196 sagittarum
444 3111 590 3177 infudere
608 3112 735 3176 ratibus
753 3110 871 3194 vixque
889 3110 993 3174 ullum
1006 3111 1071 3176 fuit

58 3204 202 3283 scutum,
225 3200 310 3285 quod
326 3221 393 3265 non
410 3201 557 3284 pluribus
577 3199 673 3264 simul
692 3198 824 3282 spiculis
843 3199 1070 3281 perforaretur.

10 3288 193 3374 illamque
215 3291 322 3353 terrae
344 3292 432 3353 rates
451 3287 706 3371 adplicabantur,
729 3307 800 3351 curn
825 3287 908 3351 acies
932 3288 1071 3371 clipeata
1089 3285 1105 3333 ⁹

56 3375 229 3459 consurgit
247 3380 280 3442 et
291 3376 404 3442 hastas
420 3380 506 3441 certo
521 3376 598 3459 ictu,
616 3378 730 3458 utpote
749 3374 851 3439 libero
865 3375 949 3458 nisu,
968 3374 1071 3439 mittit

56 3486 73 3530 e
96 3464 235 3531 ratibus.
279 3463 325 3530 Et
342 3468 380 3528 ut
397 3464 530 3529 territos
553 3464 809 3548 recipientesque
833 3484 933 3545 equos
954 3463 1084 3536 videre,

56 3553 184 3620 alacres
205 3553 318 3619 mutua
335 3552 567 3620 adhortatione
588 3552 630 3621 in
648 3557 780 3621 terram
800 3548 974 3613 desiluere.
1006 3542 1102 3598 Tm·
1116 3536 1158 3574 Ἢ

101 3663 195 3704 aarum
206 3663 286 3707 Ratun.
913 3645 959 3692 Ἣ·
