2356 3846
243 145 497 203 HISTORIARUM
514 148 727 204 ALEXANDRI
744 148 806 219 vll,
824 154 849 204 4.
868 154 893 206 b.
1011 147 1075 212 163

66 291 195 356 caribus
220 292 382 357 concitato
408 293 443 358 in
471 291 576 358 medio
603 293 736 358 barbari
763 296 894 377 gutture
921 293 969 357 ita
996 293 1076 376 fixit,

65 384 103 445 ut
125 401 184 463 per
206 380 362 446 cervicem
380 380 544 446 emineret
582 379 819 465 Praecipitatus
839 403 877 446 ex
899 402 979 465 equo
1003 381 1076 445 bar·

64 469 164 534 barus
192 468 296 534 adhuc
325 473 437 534 tamen
462 470 674 554 repugnabat
724 467 786 534 Sed
813 470 867 534 ille
898 472 1076 534 extractam
1095 488 1129 537 37

66 577 83 621 e
110 556 241 622 vulnere
267 557 396 622 hastam
423 579 534 623 rursus
562 559 595 622 in
621 579 658 622 os
686 556 807 641 dirigit.
851 557 1077 660 §atibmzmes

66 646 1077 818 tttttpltlclttattt.Ptttttttmtttt
1096 750 1130 800 a

66 825 135 886 tate
158 842 254 905 quam
273 826 388 905 sponte
407 822 509 889 secuti
528 826 631 905 erant,
654 827 745 905 tunc,
768 821 854 887 haud
872 822 1077 887 immemores

66 909 258 976 meritorum
276 909 468 991 Alexandri,
491 932 582 978 arma
599 910 735 997 Erigyio
757 910 898 976 tradunt.
935 910 1003 974 Rex
1025 910 1077 974 his
1097 928 1131 977 aa

67 997 196 1082 quidem
229 998 349 1082 laetus,
386 997 424 1062 de
458 995 625 1082 Spartanis
657 999 906 1083 haudquaquam
940 1019 1078 1082 securus,

66 1106 187 1170 magno
219 1089 331 1151 tamen
366 1087 475 1151 animo
510 1086 670 1152 defectum
703 1109 814 1152 eorum
845 1087 934 1171 tulit,
970 1086 1077 1150 dicens

65 1195 133 1239 non
157 1177 234 1238 ante
257 1195 353 1239 ausos
378 1175 511 1239 consilia
532 1175 666 1253 nudare,
690 1197 786 1259 quam
808 1175 915 1257 ipsum
934 1174 975 1239 ad
997 1175 1078 1238 fines

65 1261 177 1327 Indiae
200 1263 384 1346 pervenisse
407 1269 612 1347 cognossent.
652 1262 785 1347 Iamque
807 1263 945 1327 Bessum
972 1283 1077 1345 perse·
1096 1281 1133 1329 40

67 1371 170 1435 quens
194 1350 303 1435 copias
331 1351 445 1434 movit,
475 1372 548 1416 cum
577 1352 606 1415 ei
633 1351 787 1436 Erigyius
814 1352 946 1417 barbari
974 1354 1079 1435 caput,

67 1438 212 1523 opimum
236 1437 315 1503 belli
339 1438 448 1524 decus,
471 1438 655 1524 praeferens
679 1439 825 1504 occurrit

504 1594 582 1662 Osa.
605 1595 646 1662 V.

13 1704 56 1768 20
154 1701 260 1787 Igitur
275 1701 525 1767 Bactrianorum
542 1702 674 1787 regione
687 1701 853 1767 Artabazo
871 1704 993 1767 tradita
1012 1725 1077 1768 sar·
1097 1717 1112 1766 1

66 1793 157 1857 cinae
176 1793 210 1855 et
228 1790 449 1875 inpedimenta
465 1791 512 1856 ibi
532 1812 605 1855 cum
627 1789 790 1873 praesidio
807 1791 972 1875 'relinquit
1004 1791 1078 1875 Ipse

66 1902 140 1946 cum
159 1879 308 1963 expedito
327 1879 457 1964 agmine
475 1879 548 1943 loca
566 1877 694 1943 deserta
712 1877 949 1964 Sogdianorum
968 1880 1079 1964 intrat,

65 1971 227 2034 nocturno
248 1968 364 2032 itinere
384 1967 559 2032 exercitum
580 1966 707 2032 ducens.
743 1967 925 2050 liquatum,
948 1971 985 2032 ut
1004 1971 1113 2032 antas

66 2056 272 2139 dictumest,
294 2054 428 2139 penuria
450 2055 540 2138 prius
558 2054 780 2138 desperatione
805 2076 899 2138 quam
920 2056 1078 2121 desiderio

65 2143 199 2211 bibendi
227 2143 316 2208 sitim
344 2143 497 2208 accendit
541 2142 603 2207 Per
626 2158 712 2208 cccc
737 2144 843 2208 stadia
869 2165 911 2208 ne
934 2144 1078 2210 modicus

67 2233 198 2318 quidem
226 2231 343 2297 humor
372 2231 489 2296 existit.
539 2230 686 2296 Harenas
720 2254 821 2316 vapor
854 2233 967 2297 aestivi
1000 2233 1113 2298 soliss

66 2319 226 2387 accendit:
266 2340 348 2403 quae
384 2319 441 2383 ubi
476 2317 615 2402 flagrare
650 2323 837 2403 coeperunt,
869 2321 955 2384 haud
988 2342 1078 2386 secus

66 2430 163 2494 quam
196 2406 376 2474 continenti
407 2406 553 2473 incendio
586 2411 702 2472 cuncta
732 2411 906 2473 torrentur.
962 2407 1114 2495 Calig04

65 2496 184 2563 deinde
209 2496 369 2563 inmodico
401 2496 507 2559 terrae
538 2494 665 2560 fervore
693 2497 832 2561 excitata
859 2497 963 2561 lucem
994 2498 1079 2580 tegit

66 2605 318 2670 camporumque
336 2604 402 2648 non
416 2584 480 2648 alia
499 2605 595 2667 quam
609 2585 694 2649 vasti
711 2588 744 2648 et
760 2584 913 2667 profundi
928 2586 1077 2667 aequoris

66 2674 190 2760 species
211 2676 270 2738 est.
298 2670 503 2759 Nocturnum
522 2672 585 2736 iter
603 2672 773 2737 tolerabile
796 2672 980 2757 videbatur,
1001 2673 1113 2756 quiae

64 2783 139 2829 rore
162 2764 197 2826 et
214 2761 375 2826 matutino
393 2759 516 2844 frigore
535 2781 672 2844 corpora
692 2759 889 2826 levabantur.
927 2759 1078 2826 Ceterum

65 2873 139 2917 cum
162 2851 237 2934 ipsa
257 2849 330 2914 luce
352 2851 461 2913 aestus
484 2848 587 2913 oritur
605 2855 796 2932 omnemque
816 2848 999 2915 naturalem
1023 2851 1078 2915 ab·

64 2938 179 3005 sorbet
200 2937 368 3003 humorem
387 2936 529 3002 siccitas:
553 2957 610 3002 ora
628 2937 814 3021 visceraque
836 2938 965 3022 penitus
984 2960 1078 3002 urun-

63 3031 128 3092 tur.
173 3024 289 3109 Itaque
321 3026 461 3108 primum
490 3025 604 3107 animi,
637 3024 752 3089 deinde
780 3046 916 3109 corpora
943 3027 1113 3092 deficeres

64 3117 250 3200 coeperunt.
294 3111 433 3198 Pigebat
461 3115 493 3177 et
516 3114 692 3179 consistere
715 3117 748 3177 et
772 3114 933 3198 progredi.
979 3114 1078 3181 Pauci

64 3203 213 3289 aperitis
226 3201 368 3286 regionis
384 3201 539 3266 admoniti
554 3205 826 3285 praeparaverant
840 3224 965 3286 aquam.
986 3202 1076 3269 Haec
1096 3218 1110 3267 ἰ

63 3293 233 3377 paulisper
251 3290 408 3373 repressit
426 3289 527 3354 sitim:
547 3289 661 3354 deinde
676 3293 836 3355 crescente
855 3295 946 3356 aestu
965 3313 1077 3357 rursus

64 3380 261 3447 desiderium
279 3378 424 3444 humoris
445 3400 613 3444 accensum
629 3381 686 3444 est.
714 3375 817 3464 Ergo,
837 3379 992 3464 quidquid
1009 3380 1077 3445 vini

64 3469 194 3553 oleique
230 3470 313 3552 erat,
356 3468 466 3533 oribus
503 3467 712 3553 ingerebatur
749 3471 916 3548 tantaque
950 3467 1095 3526 amaena

62 3557 194 3623 bibendi
229 3555 306 3641 fuld,
344 3560 380 3624 ud
416 3557 453 3626 in
491 3561 670 3646 Posbemm
700 3556 782 3624 sitia
816 3573 895 3618 mm
912 3546 1130 3699 §.merem
