2356 3846
221 164 478 223 mesoleucon
496 164 714 221 Annxsnmn
731 163 784 232 IV,
802 172 828 221 9.
848 171 890 220 10.
1020 161 1063 228 57

34 308 206 380 'hosfium
237 311 389 377 audaciae
416 331 556 395 quoque,
585 332 650 394 qua
671 308 810 374 maxime
832 308 951 394 riguit,
979 309 1063 374 ratio
1081 329 1117 378 aa

45 401 153 468 min-ui
177 402 299 485 potest,
329 398 406 484 quia
431 420 608 481 numquam
634 398 669 462 in
696 397 867 462 discrimen
894 397 998 482 venit,
1021 419 1066 463 an

45 493 169 554 temere
192 488 328 553 iecisset
361 485 520 570 Mazaeus,
543 485 607 571 qui,
630 486 658 550 si
679 486 923 551 transeuntibus
945 486 1064 550 flumen

46 577 302 663 supervenisset,
333 575 421 641 haud
444 574 540 640 dubie
564 594 774 659 oppressurus
796 573 860 639 fuit
881 575 1063 658 inconposi-

45 669 113 750 tos,
149 665 186 729 in
216 664 288 748 ripa
318 663 447 728 demum
479 663 520 727 ad
550 663 616 727 iam
648 665 847 746 perarmatos
880 663 1064 746 adequitare

46 753 164 838 coepit.
207 751 297 817 Mille
320 751 492 817 admodum
515 751 638 834 equites
661 750 893 833 praemiseras
920 749 1064 826 Quorum
1082 770 1117 819 24

46 842 212 926 paucitate
228 839 411 904 Alexander
433 839 607 923 explorata,
629 838 743 902 deinde
766 841 951 922 contempta
973 859 1063 922 prae-

46 929 169 994 fectum
191 926 354 993 Paeonum
377 927 521 1012 equitum
542 925 697 991 Aristona
719 926 837 990 laxatis
859 925 994 990 habenis
1016 927 1063 990 in-

49 1017 124 1083 vehi
150 1016 255 1081 iussit.
299 1015 440 1100 Insignis
468 1037 506 1080 eo
534 1014 586 1078 die
610 1034 721 1099 pugna
747 1013 892 1099 equitum
919 1017 952 1078 et
973 1035 1063 1097 prae·
1083 1035 1117 1084 aa

49 1106 144 1189 cipue
172 1103 336 1170 Aristonis
363 1103 439 1168 fuit:
476 1103 674 1189 praefectum
704 1103 865 1186 equitatus
894 1100 1065 1167 Persarum

50 1190 248 1276 Satropaten
279 1192 400 1256 duecte
430 1192 466 1256 in
497 1193 609 1276 guttur
635 1191 730 1254 hasta
755 1191 918 1255 transfixit
939 1189 1063 1274 fugien-

48 1283 179 1365 temque
205 1301 264 1365 per
289 1279 411 1344 medios
433 1278 543 1344 hostes
566 1281 756 1344 consecutus
779 1299 817 1342 ex
840 1300 922 1364 equo
944 1279 1064 1362 praeci-

49 1368 167 1452 pitavit
196 1371 230 1432 et
258 1367 438 1433 obluctanti
467 1367 574 1452 gladio
602 1370 700 1449 caput
727 1366 878 1450 dempsit,
909 1368 995 1450 quod
1017 1388 1064 1431 re·

10 1518 15 1528 ,
48 1456 154 1522 latum
177 1476 297 1537 magna
319 1477 393 1521 cum
415 1455 509 1520 laude
533 1457 608 1519 ante
630 1454 717 1538 regis
740 1454 838 1539 pedes
860 1455 977 1538 posuit.

491 1610 568 1677 Osa.
591 1611 630 1677 X.

10 1705 39 1769 ²9
139 1717 245 1783 Biduo
267 1717 314 1782 ibi
337 1719 456 1783 stativa
473 1739 529 1782 rex
546 1718 675 1783 habuit:
698 1720 734 1783 in
751 1720 934 1803 proximum
951 1720 1064 1784 deinde
1086 1739 1099 1788 1

48 1806 255 1892 pronuntiari
280 1807 339 1870 iter
365 1805 470 1871 iussit.
520 1804 582 1871 Sed
612 1808 718 1891 prima
748 1808 815 1872 fere
845 1808 957 1892 vigilia
988 1808 1101 1877 lunae

50 1894 202 1960 deficiens
229 1893 370 1977 primum
396 1894 535 1959 nitorem
559 1894 671 1960 sideris
695 1895 744 1960 sui
767 1895 922 1979 condidit,
952 1895 1065 1961 deinde

50 1982 219 2068 sanguinis
242 1983 347 2047 colore
370 1981 492 2047 suffuso
514 1982 624 2047 lumen
647 2005 742 2048 omne
764 1982 919 2067 foedavit,
949 1984 1064 2049 sollici-

48 2071 156 2155 tisque
174 2070 237 2135 sub
253 2069 361 2154 ipsum
378 2070 464 2135 tanti
481 2069 675 2135 discriminis
694 2092 807 2136 casum
820 2072 936 2156 ingens
950 2072 1064 2157 religio

50 2162 145 2224 etex
168 2178 208 2222 ea
229 2157 368 2223 formido
391 2159 548 2242 quaedam
570 2159 700 2224 incussa
722 2162 779 2223 est.
815 2157 874 2223 Dis
897 2159 1007 2223 invitis
1030 2160 1101 2230 ina

50 2247 183 2312 ultimas
209 2249 313 2310 terras
340 2246 427 2310 trahi
450 2267 483 2310 sa
507 2247 734 2330 querebantur:
762 2247 828 2312 iam
850 2268 910 2311 nec
932 2246 1066 2312 flumina

49 2356 146 2418 posse
182 2334 265 2400 adiri
299 2355 359 2399 nec
391 2333 496 2399 sidera
526 2334 698 2417 pristinum
735 2356 860 2399 servare
896 2335 1066 2420 fulgorem,

50 2426 161 2488 vastes
187 2425 304 2505 terras,
337 2422 463 2487 deserta
489 2422 598 2486 omnia
625 2444 802 2487 occurrere:
834 2423 869 2487 in
891 2424 987 2487 unius
1009 2423 1065 2488 ho-

50 2510 149 2575 minis
189 2509 397 2575 iactationem
439 2512 491 2575 tot
528 2510 654 2575 milium
690 2510 880 2595 sanguinem
916 2511 1065 2594 inpendi:

50 2597 182 2663 fastidio
209 2619 279 2662 esse
301 2597 448 2680 patriam,
471 2597 612 2662 abdicari
630 2597 817 2682 Philippum
839 2602 973 2681 patrem,
996 2620 1064 2663 cae·

50 2685 118 2750 lum
141 2685 234 2751 ranis
251 2684 503 2770 cogitationibus
520 2688 638 2769 petere.
669 2684 739 2751 Iam
756 2707 856 2769 prope
875 2685 1064 2751 seditionem
1082 2707 1102 2755 4

50 2794 102 2838 res
129 2776 213 2856 crat,
244 2794 317 2837 cum
339 2772 382 2840 sd
404 2772 513 2836 omnia
533 2773 699 2837 interritus
722 2774 818 2839 duces
840 2774 1065 2858 principesque

50 2861 192 2927 militam
213 2859 397 2945 frequentes
416 2860 527 2925 adesse
545 2861 706 2944 praetorio
732 2861 847 2942 [iubet]
871 2863 1065 2947 Aegyptios·

51 2970 113 3034 que
136 2951 237 3032 vates,
259 2970 341 3033 quos
364 2949 445 3012 caeli
467 2970 504 3014 ac
527 2949 667 3014 siderum
684 2949 897 3033 peritissimos
915 2971 985 3015 esse
999 2972 1065 3016 cre·

51 3037 163 3121 debat,
195 3036 271 3120 quid
298 3037 466 3121 sentirent,
497 3058 682 3120 expromere
704 3037 802 3102 iubet
822 3069 825 3074 ¹
847 3039 894 3102 At
915 3038 977 3122 illi,
1009 3039 1101 3123 quie

51 3125 132 3190 setis
162 3125 282 3189 seirent
302 3128 483 3208 temporum
511 3125 603 3190 orbes
631 3126 753 3208 inplere
779 3125 957 3191 destinatas
980 3127 1064 3192 vices

50 3213 225 3298 lunamque
253 3211 401 3297 deficere,
432 3234 505 3278 cum
533 3217 590 3278 aut
614 3217 734 3278 terram
760 3213 884 3278 subiret
915 3219 972 3280 aut
998 3216 1064 3279 sole

50 3309 261 3386 premeretur,
300 3301 459 3367 rationem
495 3302 623 3386 quidem
663 3302 742 3385 ipsis
778 3305 963 3386 perceptam
998 3324 1064 3368 non

51 3389 188 3455 edocent
212 3388 345 3474 angus:
377 3393 516 3454 ceterum
543 3390 715 3455 adfirmant
736 3391 837 3455 solem
861 3389 1064 3475 Graecorum,
1083 3412 1099 3461 e

50 3475 163 3542 lunam
186 3497 256 3542 esse
269 3475 451 3562 Pers-arum,
472 3478 684 3563 quotiensque
702 3477 761 3541 illa
778 3478 916 3560 deficiat,
936 3479 1067 3542 ruinam

50 3569 255 3649 stragemque
274 3564 341 3630 iltis
363 3565 519 3654 gentibus
542 3567 714 3656 portendis
732 3569 917 3647 *ceteraque
938 3562 1097 3636 suamab*
