<?xml version="1.0" encoding="UTF-8"?>
<!DOCTYPE html PUBLIC "-//W3C//DTD XHTML 1.0 Transitional//EN"
    "http://www.w3.org/TR/xhtml1/DTD/xhtml1-transitional.dtd">
<html xmlns="http://www.w3.org/1999/xhtml" xml:lang="en" lang="en">
 <head>
  <title>
</title>
<meta http-equiv="Content-Type" content="text/html;charset=utf-8" />
  <meta name='ocr-system' content='tesseract 3.04.00' />
  <meta name='ocr-capabilities' content='ocr_page ocr_carea ocr_par ocr_line ocrx_word'/>
</head>
<body>
  <div class='ocr_page' id='page_1' title='image "./incertiauctoris00heydgoog_0048.png"; bbox 0 0 2356 3846; ppageno 0'>
   <div class='ocr_carea' id='block_1_1' title="bbox 134 144 771 212">
    <p class='ocr_par' dir='ltr' id='par_1_1' title="bbox 134 144 771 212">
     <span class='ocr_line' id='line_1_1' title="bbox 134 144 771 212; baseline 0 -12"><span class='ocrx_word' id='word_1_1' title='bbox 134 144 175 209; x_wconf 91' lang='grc'>16</span> <span class='ocrx_word' id='word_1_2' title='bbox 348 148 353 159; x_wconf 77' lang='grc'><em>“</em></span> <span class='ocrx_word' id='word_1_3' title='bbox 504 145 535 212; x_wconf 78' lang='lat' dir='ltr'>Q.</span> <span class='ocrx_word' id='word_1_4' title='bbox 556 145 667 202; x_wconf 79' lang='lat' dir='ltr'>OURTI</span> <span class='ocrx_word' id='word_1_5' title='bbox 683 146 771 201; x_wconf 84' lang='lat' dir='ltr'><strong>RUFI</strong></span> 
     </span>
    </p>
   </div>
   <div class='ocr_carea' id='block_1_2' title="bbox 52 289 1178 3194">
    <p class='ocr_par' dir='ltr' id='par_1_2' title="bbox 52 289 1178 3194">
     <span class='ocr_line' id='line_1_2' title="bbox 131 289 1144 375; baseline 0.001 -21"><span class='ocrx_word' id='word_1_6' title='bbox 131 289 305 355; x_wconf 86' lang='lat' dir='ltr'>adventare</span> <span class='ocrx_word' id='word_1_7' title='bbox 333 313 367 355; x_wconf 89' lang='lat' dir='ltr'>se</span> <span class='ocrx_word' id='word_1_8' title='bbox 395 291 546 374; x_wconf 86' lang='lat' dir='ltr'>senserit,</span> <span class='ocrx_word' id='word_1_9' title='bbox 577 294 706 356; x_wconf 90' lang='lat' dir='ltr'>cautum</span> <span class='ocrx_word' id='word_1_10' title='bbox 732 312 791 375; x_wconf 95' lang='lat' dir='ltr'>pro</span> <span class='ocrx_word' id='word_1_11' title='bbox 814 291 984 356; x_wconf 89' lang='lat' dir='ltr'>temerario</span> <span class='ocrx_word' id='word_1_12' title='bbox 1011 289 1144 369; x_wconf 88' lang='lat' dir='ltr'>factum,</span> 
     </span>
     <span class='ocr_line' id='line_1_3' title="bbox 131 377 1144 465; baseline 0 -23"><span class='ocrx_word' id='word_1_13' title='bbox 131 379 295 443; x_wconf 89' lang='lat' dir='ltr'>delituisse</span> <span class='ocrx_word' id='word_1_14' title='bbox 321 380 405 444; x_wconf 90' lang='lat' dir='ltr'>inter</span> <span class='ocrx_word' id='word_1_15' title='bbox 431 381 597 465; x_wconf 77' lang='lat' dir='ltr'><strong>angustias</strong></span> <span class='ocrx_word' id='word_1_16' title='bbox 626 381 728 443; x_wconf 87' lang='lat' dir='ltr'>saltus</span> <span class='ocrx_word' id='word_1_17' title='bbox 755 380 820 442; x_wconf 92' lang='lat' dir='ltr'>ritu</span> <span class='ocrx_word' id='word_1_18' title='bbox 846 379 1039 463; x_wconf 84' lang='lat' dir='ltr'>ignobilium</span> <span class='ocrx_word' id='word_1_19' title='bbox 1061 377 1144 443; x_wconf 90' lang='lat' dir='ltr'>fera·</span> 
     </span>
     <span class='ocr_line' id='line_1_4' title="bbox 129 466 1144 552; baseline 0.001 -23"><span class='ocrx_word' id='word_1_20' title='bbox 129 488 216 544; x_wconf 87' lang='lat' dir='ltr'>rum,</span> <span class='ocrx_word' id='word_1_21' title='bbox 253 490 334 552; x_wconf 89' lang='lat' dir='ltr'>quae</span> <span class='ocrx_word' id='word_1_22' title='bbox 368 469 502 551; x_wconf 89' lang='lat' dir='ltr'>strepitu</span> <span class='ocrx_word' id='word_1_23' title='bbox 534 468 808 552; x_wconf 79' lang='lat' dir='ltr'>praetereuntium</span> <span class='ocrx_word' id='word_1_24' title='bbox 844 466 954 532; x_wconf 88' lang='lat' dir='ltr'>audito</span> <span class='ocrx_word' id='word_1_25' title='bbox 991 467 1144 531; x_wconf 90' lang='lat' dir='ltr'>silvarum</span> 
     </span>
     <span class='ocr_line' id='line_1_5' title="bbox 78 554 1144 623; baseline -0.005 0"><span class='ocrx_word' id='word_1_26' title='bbox 78 575 110 623; x_wconf 93' lang='lat'>11</span> <span class='ocrx_word' id='word_1_27' title='bbox 130 554 262 619; x_wconf 91' lang='lat' dir='ltr'>latebris</span> <span class='ocrx_word' id='word_1_28' title='bbox 291 577 324 619; x_wconf 87' lang='lat' dir='ltr'>se</span> <span class='ocrx_word' id='word_1_29' title='bbox 353 556 541 621; x_wconf 77' lang='lat' dir='ltr'>occulerent.</span> <span class='ocrx_word' id='word_1_30' title='bbox 586 555 657 620; x_wconf 88' lang='lat' dir='ltr'>Iam</span> <span class='ocrx_word' id='word_1_31' title='bbox 684 555 781 619; x_wconf 89' lang='lat' dir='ltr'>etiam</span> <span class='ocrx_word' id='word_1_32' title='bbox 803 555 989 619; x_wconf 87' lang='lat' dir='ltr'>valitudinis</span> <span class='ocrx_word' id='word_1_33' title='bbox 1013 555 1144 619; x_wconf 91' lang='lat' dir='ltr'>simula·</span> 
     </span>
     <span class='ocr_line' id='line_1_6' title="bbox 130 641 1144 726; baseline -0.001 -19"><span class='ocrx_word' id='word_1_34' title='bbox 130 643 219 707; x_wconf 90' lang='lat' dir='ltr'>tione</span> <span class='ocrx_word' id='word_1_35' title='bbox 245 643 396 709; x_wconf 84' lang='lat' dir='ltr'>frustrari</span> <span class='ocrx_word' id='word_1_36' title='bbox 428 666 504 709; x_wconf 90' lang='lat' dir='ltr'>suos</span> <span class='ocrx_word' id='word_1_37' title='bbox 526 644 655 708; x_wconf 80' lang='lat' dir='ltr'>milites.</span> <span class='ocrx_word' id='word_1_38' title='bbox 700 641 762 708; x_wconf 86' lang='lat' dir='ltr'>Sed</span> <span class='ocrx_word' id='word_1_39' title='bbox 784 664 851 708; x_wconf 90' lang='lat' dir='ltr'>non</span> <span class='ocrx_word' id='word_1_40' title='bbox 873 644 1012 726; x_wconf 89' lang='lat' dir='ltr'>amplius</span> <span class='ocrx_word' id='word_1_41' title='bbox 1036 643 1144 726; x_wconf 89' lang='lat' dir='ltr'>ipsum</span> 
     </span>
     <span class='ocr_line' id='line_1_7' title="bbox 130 731 1144 815; baseline 0 -20"><span class='ocrx_word' id='word_1_42' title='bbox 130 751 200 796; x_wconf 92' lang='lat' dir='ltr'>esse</span> <span class='ocrx_word' id='word_1_43' title='bbox 226 753 398 815; x_wconf 88' lang='lat' dir='ltr'>passurum</span> <span class='ocrx_word' id='word_1_44' title='bbox 420 731 597 797; x_wconf 84' lang='lat' dir='ltr'>detrectare</span> <span class='ocrx_word' id='word_1_45' title='bbox 619 735 796 798; x_wconf 84' lang='lat' dir='ltr'>certarnen:</span> <span class='ocrx_word' id='word_1_46' title='bbox 828 731 863 795; x_wconf 92' lang='lat' dir='ltr'>iu</span> <span class='ocrx_word' id='word_1_47' title='bbox 885 731 941 797; x_wconf 90' lang='lat' dir='ltr'>illo</span> <span class='ocrx_word' id='word_1_48' title='bbox 965 752 1077 815; x_wconf 83' lang='lat' dir='ltr'>specu,</span> <span class='ocrx_word' id='word_1_49' title='bbox 1108 732 1144 795; x_wconf 90' lang='lat' dir='ltr'>in</span> 
     </span>
     <span class='ocr_line' id='line_1_8' title="bbox 130 821 1143 905; baseline 0.001 -23"><span class='ocrx_word' id='word_1_50' title='bbox 130 840 225 902; x_wconf 90' lang='lat' dir='ltr'>quem</span> <span class='ocrx_word' id='word_1_51' title='bbox 251 821 361 903; x_wconf 90' lang='lat' dir='ltr'>pavidi</span> <span class='ocrx_word' id='word_1_52' title='bbox 389 821 609 905; x_wconf 83' lang='lat' dir='ltr'>recessissent,</span> <span class='ocrx_word' id='word_1_53' title='bbox 639 841 867 904; x_wconf 84' lang='lat' dir='ltr'>oppressurum</span> <span class='ocrx_word' id='word_1_54' title='bbox 894 841 963 885; x_wconf 90' lang='lat' dir='ltr'>esse</span> <span class='ocrx_word' id='word_1_55' title='bbox 991 823 1143 884; x_wconf 86' lang='lat' dir='ltr'>cunctan-</span> 
     </span>
     <span class='ocr_line' id='line_1_9' title="bbox 77 906 1178 994; baseline -0.001 -21"><span class='ocrx_word' id='word_1_56' title='bbox 77 926 110 973; x_wconf 82' lang='lat' dir='ltr'>1a</span> <span class='ocrx_word' id='word_1_57' title='bbox 128 909 187 970; x_wconf 90' lang='lat' dir='ltr'>tes.</span> <span class='ocrx_word' id='word_1_58' title='bbox 232 907 322 972; x_wconf 88' lang='lat' dir='ltr'>Haec</span> <span class='ocrx_word' id='word_1_59' title='bbox 348 909 606 994; x_wconf 88' lang='lat' dir='ltr'>magnificentius</span> <span class='ocrx_word' id='word_1_60' title='bbox 633 909 753 972; x_wconf 86' lang='lat' dir='ltr'>iactata</span> <span class='ocrx_word' id='word_1_61' title='bbox 780 929 876 990; x_wconf 92' lang='lat' dir='ltr'>quam</span> <span class='ocrx_word' id='word_1_62' title='bbox 899 909 1015 972; x_wconf 87' lang='lat' dir='ltr'>verius.</span> <span class='ocrx_word' id='word_1_63' title='bbox 1052 906 1141 973; x_wconf 81' lang='lat' dir='ltr'>Oete·</span> <span class='ocrx_word' id='word_1_64' title='bbox 1173 915 1178 963; x_wconf 89' lang='grc' dir='ltr'>Ι</span> 
     </span>
     <span class='ocr_line' id='line_1_10' title="bbox 128 994 1142 1080; baseline 0.003 -22"><span class='ocrx_word' id='word_1_65' title='bbox 128 1016 200 1059; x_wconf 91' lang='lat' dir='ltr'>rum</span> <span class='ocrx_word' id='word_1_66' title='bbox 223 997 360 1079; x_wconf 89' lang='lat' dir='ltr'>pecunia</span> <span class='ocrx_word' id='word_1_67' title='bbox 382 998 472 1062; x_wconf 90' lang='lat' dir='ltr'>omni</span> <span class='ocrx_word' id='word_1_68' title='bbox 491 1019 660 1080; x_wconf 89' lang='lat' dir='ltr'>rerumque</span> <span class='ocrx_word' id='word_1_69' title='bbox 682 996 926 1079; x_wconf 86' lang='lat' dir='ltr'>pretiosissimis</span> <span class='ocrx_word' id='word_1_70' title='bbox 944 994 1142 1061; x_wconf 82' lang='lat' dir='ltr'>Damascum</span> 
     </span>
     <span class='ocr_line' id='line_1_11' title="bbox 129 1081 1140 1169; baseline 0.003 -23"><span class='ocrx_word' id='word_1_71' title='bbox 129 1081 241 1166; x_wconf 83' lang='lat' dir='ltr'>Syriae</span> <span class='ocrx_word' id='word_1_72' title='bbox 264 1105 337 1148; x_wconf 92' lang='lat' dir='ltr'>cum</span> <span class='ocrx_word' id='word_1_73' title='bbox 360 1086 485 1150; x_wconf 91' lang='lat' dir='ltr'>modico</span> <span class='ocrx_word' id='word_1_74' title='bbox 507 1085 669 1169; x_wconf 90' lang='lat' dir='ltr'>praesidio</span> <span class='ocrx_word' id='word_1_75' title='bbox 693 1084 832 1148; x_wconf 90' lang='lat' dir='ltr'>militum</span> <span class='ocrx_word' id='word_1_76' title='bbox 854 1085 976 1168; x_wconf 76' lang='lat' dir='ltr'>missis,</span> <span class='ocrx_word' id='word_1_77' title='bbox 1001 1085 1140 1168; x_wconf 87' lang='lat' dir='ltr'>reliquas</span> 
     </span>
     <span class='ocr_line' id='line_1_12' title="bbox 128 1170 1139 1258; baseline 0.002 -23"><span class='ocrx_word' id='word_1_78' title='bbox 128 1172 237 1254; x_wconf 89' lang='lat' dir='ltr'>copias</span> <span class='ocrx_word' id='word_1_79' title='bbox 269 1173 305 1236; x_wconf 90' lang='lat' dir='ltr'>iu</span> <span class='ocrx_word' id='word_1_80' title='bbox 332 1170 477 1237; x_wconf 79' lang='lat' dir='ltr'>Ciliciam</span> <span class='ocrx_word' id='word_1_81' title='bbox 505 1174 608 1258; x_wconf 89' lang='lat' dir='ltr'>duxit,</span> <span class='ocrx_word' id='word_1_82' title='bbox 637 1172 879 1256; x_wconf 88' lang='lat' dir='ltr'>insequentibus</span> <span class='ocrx_word' id='word_1_83' title='bbox 911 1194 1001 1236; x_wconf 90' lang='lat' dir='ltr'>more</span> <span class='ocrx_word' id='word_1_84' title='bbox 1033 1173 1139 1256; x_wconf 88' lang='lat' dir='ltr'>patrio</span> 
     </span>
     <span class='ocr_line' id='line_1_13' title="bbox 128 1260 1139 1345; baseline 0.003 -23"><span class='ocrx_word' id='word_1_85' title='bbox 128 1279 245 1342; x_wconf 82' lang='lat' dir='ltr'>agmen</span> <span class='ocrx_word' id='word_1_86' title='bbox 267 1260 404 1345; x_wconf 87' lang='lat' dir='ltr'>coniuge</span> <span class='ocrx_word' id='word_1_87' title='bbox 428 1282 465 1325; x_wconf 91' lang='lat' dir='ltr'>ac</span> <span class='ocrx_word' id='word_1_88' title='bbox 484 1265 596 1326; x_wconf 89' lang='lat' dir='ltr'>matre.</span> <span class='ocrx_word' id='word_1_89' title='bbox 631 1260 783 1345; x_wconf 86' lang='lat' dir='ltr'>Virgines</span> <span class='ocrx_word' id='word_1_90' title='bbox 803 1282 929 1343; x_wconf 89' lang='lat' dir='ltr'>quoque</span> <span class='ocrx_word' id='word_1_91' title='bbox 948 1282 1020 1325; x_wconf 92' lang='lat' dir='ltr'>cum</span> <span class='ocrx_word' id='word_1_92' title='bbox 1038 1281 1139 1344; x_wconf 88' lang='lat' dir='ltr'>parvo</span> 
     </span>
     <span class='ocr_line' id='line_1_14' title="bbox 126 1347 616 1432; baseline 0.006 -22"><span class='ocrx_word' id='word_1_93' title='bbox 126 1347 195 1410; x_wconf 87' lang='lat' dir='ltr'>filio</span> <span class='ocrx_word' id='word_1_94' title='bbox 219 1348 459 1412; x_wconf 86' lang='lat' dir='ltr'>comitabantur</span> <span class='ocrx_word' id='word_1_95' title='bbox 480 1354 616 1432; x_wconf 88' lang='lat' dir='ltr'>patrem.</span> 
     </span>
     <span class='ocr_line' id='line_1_15' title="bbox 75 1434 1132 1521; baseline 0.001 -20"><span class='ocrx_word' id='word_1_96' title='bbox 75 1453 107 1501; x_wconf 83' lang='lat' dir='ltr'>ra</span> <span class='ocrx_word' id='word_1_97' title='bbox 214 1434 312 1499; x_wconf 87' lang='lat' dir='ltr'>Forte</span> <span class='ocrx_word' id='word_1_98' title='bbox 335 1436 447 1501; x_wconf 89' lang='lat' dir='ltr'>eadem</span> <span class='ocrx_word' id='word_1_99' title='bbox 463 1440 559 1501; x_wconf 91' lang='lat' dir='ltr'>nocte</span> <span class='ocrx_word' id='word_1_100' title='bbox 577 1440 610 1501; x_wconf 92' lang='lat' dir='ltr'>et</span> <span class='ocrx_word' id='word_1_101' title='bbox 622 1436 805 1501; x_wconf 83' lang='lat' dir='ltr'>Alexander</span> <span class='ocrx_word' id='word_1_102' title='bbox 819 1436 860 1501; x_wconf 89' lang='lat' dir='ltr'>ad</span> <span class='ocrx_word' id='word_1_103' title='bbox 873 1437 992 1519; x_wconf 89' lang='lat' dir='ltr'>fauces,</span> <span class='ocrx_word' id='word_1_104' title='bbox 1016 1437 1132 1521; x_wconf 88' lang='lat' dir='ltr'>quibus</span> 
     </span>
     <span class='ocr_line' id='line_1_16' title="bbox 127 1520 1139 1609; baseline 0.004 -23"><span class='ocrx_word' id='word_1_105' title='bbox 127 1520 222 1605; x_wconf 79' lang='lat' dir='ltr'>Syria</span> <span class='ocrx_word' id='word_1_106' title='bbox 245 1522 360 1607; x_wconf 89' lang='lat' dir='ltr'>aditur,</span> <span class='ocrx_word' id='word_1_107' title='bbox 384 1527 416 1588; x_wconf 85' lang='lat' dir='ltr'>et</span> <span class='ocrx_word' id='word_1_108' title='bbox 429 1521 555 1590; x_wconf 90' lang='lat' dir='ltr'>Dareus</span> <span class='ocrx_word' id='word_1_109' title='bbox 575 1525 616 1590; x_wconf 89' lang='lat' dir='ltr'>ad</span> <span class='ocrx_word' id='word_1_110' title='bbox 630 1547 703 1589; x_wconf 92' lang='lat' dir='ltr'>eum</span> <span class='ocrx_word' id='word_1_111' title='bbox 717 1526 833 1609; x_wconf 90' lang='lat' dir='ltr'>locum,</span> <span class='ocrx_word' id='word_1_112' title='bbox 856 1547 951 1608; x_wconf 90' lang='lat' dir='ltr'>quem</span> <span class='ocrx_word' id='word_1_113' title='bbox 964 1523 1139 1590; x_wconf 80' lang='lat' dir='ltr'>Amanicas</span> 
     </span>
     <span class='ocr_line' id='line_1_17' title="bbox 74 1608 1141 1698; baseline 0.002 -22"><span class='ocrx_word' id='word_1_114' title='bbox 74 1629 108 1676; x_wconf 80' lang='lat'>14</span> <span class='ocrx_word' id='word_1_115' title='bbox 126 1608 225 1693; x_wconf 84' lang='lat' dir='ltr'>Pylas</span> <span class='ocrx_word' id='word_1_116' title='bbox 248 1616 379 1697; x_wconf 90' lang='lat' dir='ltr'>vocant,</span> <span class='ocrx_word' id='word_1_117' title='bbox 407 1614 562 1695; x_wconf 82' lang='lat' dir='ltr'>pervenit.</span> <span class='ocrx_word' id='word_1_118' title='bbox 606 1612 674 1678; x_wconf 88' lang='lat' dir='ltr'>Nec</span> <span class='ocrx_word' id='word_1_119' title='bbox 697 1613 884 1676; x_wconf 86' lang='lat' dir='ltr'>dubitavere</span> <span class='ocrx_word' id='word_1_120' title='bbox 906 1613 1039 1696; x_wconf 91' lang='lat' dir='ltr'>Persae,</span> <span class='ocrx_word' id='word_1_121' title='bbox 1063 1613 1141 1698; x_wconf 90' lang='lat' dir='ltr'>quin</span> 
     </span>
     <span class='ocr_line' id='line_1_18' title="bbox 125 1697 1140 1785; baseline 0.006 -24"><span class='ocrx_word' id='word_1_122' title='bbox 125 1697 197 1763; x_wconf 89' lang='lat' dir='ltr'>Isso</span> <span class='ocrx_word' id='word_1_123' title='bbox 220 1699 342 1784; x_wconf 89' lang='lat' dir='ltr'>relicta,</span> <span class='ocrx_word' id='word_1_124' title='bbox 365 1722 461 1784; x_wconf 91' lang='lat' dir='ltr'>quam</span> <span class='ocrx_word' id='word_1_125' title='bbox 484 1706 645 1785; x_wconf 87' lang='lat' dir='ltr'>ceperant,</span> <span class='ocrx_word' id='word_1_126' title='bbox 667 1701 860 1765; x_wconf 91' lang='lat' dir='ltr'>Macedones</span> <span class='ocrx_word' id='word_1_127' title='bbox 878 1699 1040 1785; x_wconf 86' lang='lat' dir='ltr'>fugerent:</span> <span class='ocrx_word' id='word_1_128' title='bbox 1064 1722 1140 1767; x_wconf 91' lang='lat' dir='ltr'>nam</span> 
     </span>
     <span class='ocr_line' id='line_1_19' title="bbox 126 1786 1134 1873; baseline 0.003 -23"><span class='ocrx_word' id='word_1_129' title='bbox 126 1786 224 1851; x_wconf 89' lang='lat' dir='ltr'>etiam</span> <span class='ocrx_word' id='word_1_130' title='bbox 253 1788 352 1852; x_wconf 86' lang='lat' dir='ltr'>saucii</span> <span class='ocrx_word' id='word_1_131' title='bbox 379 1789 509 1872; x_wconf 91' lang='lat' dir='ltr'>quidam</span> <span class='ocrx_word' id='word_1_132' title='bbox 537 1792 570 1852; x_wconf 93' lang='lat' dir='ltr'>et</span> <span class='ocrx_word' id='word_1_133' title='bbox 591 1788 735 1872; x_wconf 84' lang='lat' dir='ltr'>invalidi,</span> <span class='ocrx_word' id='word_1_134' title='bbox 763 1789 818 1872; x_wconf 89' lang='lat' dir='ltr'>qui</span> <span class='ocrx_word' id='word_1_135' title='bbox 841 1809 958 1872; x_wconf 81' lang='lat' dir='ltr'>agmen</span> <span class='ocrx_word' id='word_1_136' title='bbox 980 1810 1047 1854; x_wconf 90' lang='lat' dir='ltr'>non</span> <span class='ocrx_word' id='word_1_137' title='bbox 1069 1811 1134 1873; x_wconf 88' lang='lat' dir='ltr'>po-</span> 
     </span>
     <span class='ocr_line' id='line_1_20' title="bbox 74 1876 1140 1961; baseline 0.002 -21"><span class='ocrx_word' id='word_1_138' title='bbox 74 1893 106 1941; x_wconf 88' lang='lat'>15</span> <span class='ocrx_word' id='word_1_139' title='bbox 125 1879 231 1941; x_wconf 84' lang='lat' dir='ltr'>terant</span> <span class='ocrx_word' id='word_1_140' title='bbox 245 1876 408 1961; x_wconf 90' lang='lat' dir='ltr'>persequi,</span> <span class='ocrx_word' id='word_1_141' title='bbox 440 1878 565 1960; x_wconf 86' lang='lat' dir='ltr'>excepti</span> <span class='ocrx_word' id='word_1_142' title='bbox 594 1880 694 1941; x_wconf 89' lang='lat' dir='ltr'>crant.</span> <span class='ocrx_word' id='word_1_143' title='bbox 740 1876 828 1952; x_wconf 80' lang='lat' dir='ltr'>Quos</span> <span class='ocrx_word' id='word_1_144' title='bbox 856 1877 959 1941; x_wconf 89' lang='lat' dir='ltr'>omnis</span> <span class='ocrx_word' id='word_1_145' title='bbox 983 1877 1140 1942; x_wconf 89' lang='lat' dir='ltr'>instinctu</span> 
     </span>
     <span class='ocr_line' id='line_1_21' title="bbox 52 1965 1138 2048; baseline 0.004 -23"><span class='ocrx_word' id='word_1_146' title='bbox 52 2029 55 2035; x_wconf 20' lang='lat' dir='ltr'><em>A</em></span> <span class='ocrx_word' id='word_1_147' title='bbox 124 1967 376 2045; x_wconf 90' lang='lat' dir='ltr'>purpuratorum</span> <span class='ocrx_word' id='word_1_148' title='bbox 408 1966 547 2029; x_wconf 88' lang='lat' dir='ltr'>barbara</span> <span class='ocrx_word' id='word_1_149' title='bbox 580 1965 709 2028; x_wconf 84' lang='lat' dir='ltr'>feritate</span> <span class='ocrx_word' id='word_1_150' title='bbox 742 1965 952 2030; x_wconf 88' lang='lat' dir='ltr'>saevientium</span> <span class='ocrx_word' id='word_1_151' title='bbox 983 1967 1138 2048; x_wconf 89' lang='lat' dir='ltr'>praecisis</span> 
     </span>
     <span class='ocr_line' id='line_1_22' title="bbox 125 2049 1139 2135; baseline 0.009 -24"><span class='ocrx_word' id='word_1_152' title='bbox 125 2049 312 2134; x_wconf 87' lang='lat' dir='ltr'>adustisque</span> <span class='ocrx_word' id='word_1_153' title='bbox 335 2053 484 2116; x_wconf 88' lang='lat' dir='ltr'>manibus</span> <span class='ocrx_word' id='word_1_154' title='bbox 508 2053 710 2134; x_wconf 88' lang='lat' dir='ltr'>circumduci,</span> <span class='ocrx_word' id='word_1_155' title='bbox 734 2057 772 2117; x_wconf 91' lang='lat' dir='ltr'>ut</span> <span class='ocrx_word' id='word_1_156' title='bbox 794 2053 904 2135; x_wconf 89' lang='lat' dir='ltr'>copias</span> <span class='ocrx_word' id='word_1_157' title='bbox 928 2075 1004 2117; x_wconf 90' lang='lat' dir='ltr'>suas</span> <span class='ocrx_word' id='word_1_158' title='bbox 1026 2075 1139 2120; x_wconf 89' lang='lat' dir='ltr'>nosce·</span> 
     </span>
     <span class='ocr_line' id='line_1_23' title="bbox 125 2139 1138 2225; baseline 0.006 -25"><span class='ocrx_word' id='word_1_159' title='bbox 125 2140 209 2221; x_wconf 89' lang='lat' dir='ltr'>rent,</span> <span class='ocrx_word' id='word_1_160' title='bbox 234 2139 377 2222; x_wconf 89' lang='lat' dir='ltr'>satisque</span> <span class='ocrx_word' id='word_1_161' title='bbox 401 2141 550 2205; x_wconf 86' lang='lat' dir='ltr'>omnibus</span> <span class='ocrx_word' id='word_1_162' title='bbox 574 2141 729 2223; x_wconf 91' lang='lat' dir='ltr'>spectatis</span> <span class='ocrx_word' id='word_1_163' title='bbox 751 2141 915 2225; x_wconf 91' lang='lat' dir='ltr'>nuntiare,</span> <span class='ocrx_word' id='word_1_164' title='bbox 938 2163 1019 2224; x_wconf 89' lang='lat' dir='ltr'>quae</span> <span class='ocrx_word' id='word_1_165' title='bbox 1042 2142 1138 2207; x_wconf 82' lang='lat' dir='ltr'>vidis·</span> 
     </span>
     <span class='ocr_line' id='line_1_24' title="bbox 74 2227 1139 2314; baseline 0.002 -21"><span class='ocrx_word' id='word_1_166' title='bbox 74 2245 105 2293; x_wconf 81' lang='lat'>16</span> <span class='ocrx_word' id='word_1_167' title='bbox 125 2231 210 2308; x_wconf 89' lang='lat' dir='ltr'>sent,</span> <span class='ocrx_word' id='word_1_168' title='bbox 239 2227 309 2311; x_wconf 90' lang='lat' dir='ltr'>regi</span> <span class='ocrx_word' id='word_1_169' title='bbox 333 2249 391 2291; x_wconf 90' lang='lat' dir='ltr'>suo</span> <span class='ocrx_word' id='word_1_170' title='bbox 414 2229 519 2292; x_wconf 88' lang='lat' dir='ltr'>iussit.</span> <span class='ocrx_word' id='word_1_171' title='bbox 564 2228 665 2293; x_wconf 89' lang='lat' dir='ltr'>Motis</span> <span class='ocrx_word' id='word_1_172' title='bbox 689 2249 766 2314; x_wconf 88' lang='lat' dir='ltr'>ergo</span> <span class='ocrx_word' id='word_1_173' title='bbox 790 2229 906 2294; x_wconf 87' lang='lat' dir='ltr'>castris</span> <span class='ocrx_word' id='word_1_174' title='bbox 931 2233 1066 2312; x_wconf 88' lang='lat' dir='ltr'>superat</span> <span class='ocrx_word' id='word_1_175' title='bbox 1087 2229 1139 2295; x_wconf 92' lang='lat' dir='ltr'>Pi·</span> 
     </span>
     <span class='ocr_line' id='line_1_25' title="bbox 123 2317 1138 2402; baseline 0.008 -26"><span class='ocrx_word' id='word_1_176' title='bbox 123 2334 238 2378; x_wconf 90' lang='lat' dir='ltr'>narum</span> <span class='ocrx_word' id='word_1_177' title='bbox 261 2336 398 2399; x_wconf 80' lang='lat' dir='ltr'>amnem,</span> <span class='ocrx_word' id='word_1_178' title='bbox 421 2317 456 2379; x_wconf 94' lang='lat' dir='ltr'>in</span> <span class='ocrx_word' id='word_1_179' title='bbox 477 2317 588 2402; x_wconf 89' lang='lat' dir='ltr'>tergis,</span> <span class='ocrx_word' id='word_1_180' title='bbox 610 2320 647 2382; x_wconf 89' lang='lat' dir='ltr'>ut</span> <span class='ocrx_word' id='word_1_181' title='bbox 670 2318 829 2400; x_wconf 89' lang='lat' dir='ltr'>credebat,</span> <span class='ocrx_word' id='word_1_182' title='bbox 850 2317 1046 2401; x_wconf 83' lang='lat' dir='ltr'>fugientium</span> <span class='ocrx_word' id='word_1_183' title='bbox 1061 2317 1138 2384; x_wconf 89' lang='lat' dir='ltr'>hae·</span> 
     </span>
     <span class='ocr_line' id='line_1_26' title="bbox 124 2401 1165 2488; baseline 0.007 -24"><span class='ocrx_word' id='word_1_184' title='bbox 124 2423 227 2466; x_wconf 88' lang='lat' dir='ltr'>surus.</span> <span class='ocrx_word' id='word_1_185' title='bbox 263 2401 310 2466; x_wconf 86' lang='lat' dir='ltr'>At</span> <span class='ocrx_word' id='word_1_186' title='bbox 327 2403 384 2487; x_wconf 93' lang='lat' dir='ltr'>illi,</span> <span class='ocrx_word' id='word_1_187' title='bbox 407 2425 544 2488; x_wconf 87' lang='lat' dir='ltr'>quorum</span> <span class='ocrx_word' id='word_1_188' title='bbox 564 2408 789 2487; x_wconf 88' lang='lat' dir='ltr'>amputaverat</span> <span class='ocrx_word' id='word_1_189' title='bbox 811 2427 942 2488; x_wconf 89' lang='lat' dir='ltr'>manus,</span> <span class='ocrx_word' id='word_1_190' title='bbox 965 2405 1006 2469; x_wconf 93' lang='lat' dir='ltr'>ad</span> <span class='ocrx_word' id='word_1_191' title='bbox 1029 2405 1165 2473; x_wconf 70' lang='lat' dir='ltr'>castrat</span> 
     </span>
     <span class='ocr_line' id='line_1_27' title="bbox 122 2487 1139 2577; baseline 0.008 -24"><span class='ocrx_word' id='word_1_192' title='bbox 122 2487 334 2554; x_wconf 89' lang='lat' dir='ltr'>Macedonum</span> <span class='ocrx_word' id='word_1_193' title='bbox 357 2495 537 2575; x_wconf 88' lang='lat' dir='ltr'>penetrant,</span> <span class='ocrx_word' id='word_1_194' title='bbox 560 2491 711 2576; x_wconf 87' lang='lat' dir='ltr'>Dareum,</span> <span class='ocrx_word' id='word_1_195' title='bbox 734 2497 856 2577; x_wconf 90' lang='lat' dir='ltr'>quanto</span> <span class='ocrx_word' id='word_1_196' title='bbox 879 2494 1020 2559; x_wconf 86' lang='lat' dir='ltr'>maximo</span> <span class='ocrx_word' id='word_1_197' title='bbox 1042 2517 1139 2561; x_wconf 89' lang='lat' dir='ltr'>cursu</span> 
     </span>
     <span class='ocr_line' id='line_1_28' title="bbox 71 2579 1139 2668; baseline 0.005 -24"><span class='ocrx_word' id='word_1_198' title='bbox 71 2597 104 2645; x_wconf 83' lang='lat'>17</span> <span class='ocrx_word' id='word_1_199' title='bbox 123 2582 244 2662; x_wconf 88' lang='lat' dir='ltr'>posset,</span> <span class='ocrx_word' id='word_1_200' title='bbox 267 2579 357 2662; x_wconf 89' lang='lat' dir='ltr'>sequi</span> <span class='ocrx_word' id='word_1_201' title='bbox 380 2581 577 2647; x_wconf 89' lang='lat' dir='ltr'>nuntiantes.</span> <span class='ocrx_word' id='word_1_202' title='bbox 613 2580 678 2645; x_wconf 89' lang='lat' dir='ltr'>Vix</span> <span class='ocrx_word' id='word_1_203' title='bbox 700 2581 780 2646; x_wconf 85' lang='lat' dir='ltr'>fides</span> <span class='ocrx_word' id='word_1_204' title='bbox 798 2581 988 2646; x_wconf 88' lang='lat' dir='ltr'>habebatur.</span> <span class='ocrx_word' id='word_1_205' title='bbox 1024 2581 1139 2668; x_wconf 89' lang='lat' dir='ltr'>Itaque</span> 
     </span>
     <span class='ocr_line' id='line_1_29' title="bbox 124 2666 1139 2756; baseline 0.008 -27"><span class='ocrx_word' id='word_1_206' title='bbox 124 2666 342 2748; x_wconf 87' lang='lat' dir='ltr'>speculatores</span> <span class='ocrx_word' id='word_1_207' title='bbox 369 2670 405 2733; x_wconf 79' lang='lat' dir='ltr'>tn</span> <span class='ocrx_word' id='word_1_208' title='bbox 432 2669 612 2735; x_wconf 90' lang='lat' dir='ltr'>maritimas</span> <span class='ocrx_word' id='word_1_209' title='bbox 638 2671 786 2755; x_wconf 86' lang='lat' dir='ltr'>regiones</span> <span class='ocrx_word' id='word_1_210' title='bbox 809 2670 1006 2753; x_wconf 87' lang='lat' dir='ltr'>praemissos</span> <span class='ocrx_word' id='word_1_211' title='bbox 1030 2674 1139 2756; x_wconf 80' lang='lat' dir='ltr'>explo</span> 
     </span>
     <span class='ocr_line' id='line_1_30' title="bbox 124 2756 1138 2844; baseline 0.01 -28"><span class='ocrx_word' id='word_1_212' title='bbox 124 2776 197 2817; x_wconf 87' lang='lat' dir='ltr'>rare</span> <span class='ocrx_word' id='word_1_213' title='bbox 224 2776 279 2820; x_wconf 75' lang='lat' dir='ltr'>rea</span> <span class='ocrx_word' id='word_1_214' title='bbox 307 2756 409 2840; x_wconf 92' lang='lat' dir='ltr'>iubet,</span> <span class='ocrx_word' id='word_1_215' title='bbox 433 2758 502 2840; x_wconf 91' lang='lat' dir='ltr'>ipse</span> <span class='ocrx_word' id='word_1_216' title='bbox 526 2758 666 2843; x_wconf 76' lang='lat' dir='ltr'>adesset,</span> <span class='ocrx_word' id='word_1_217' title='bbox 696 2781 738 2822; x_wconf 92' lang='lat' dir='ltr'>an</span> <span class='ocrx_word' id='word_1_218' title='bbox 759 2758 997 2843; x_wconf 83' lang='lat' dir='ltr'>praefectorum</span> <span class='ocrx_word' id='word_1_219' title='bbox 1021 2759 1138 2844; x_wconf 89' lang='lat' dir='ltr'>aliquis</span> 
     </span>
     <span class='ocr_line' id='line_1_31' title="bbox 71 2843 1168 2926; baseline 0.004 -16"><span class='ocrx_word' id='word_1_220' title='bbox 71 2861 103 2910; x_wconf 80' lang='lat' dir='ltr'>rs</span> <span class='ocrx_word' id='word_1_221' title='bbox 125 2843 264 2925; x_wconf 86' lang='lat' dir='ltr'>speciem</span> <span class='ocrx_word' id='word_1_222' title='bbox 288 2845 492 2926; x_wconf 86' lang='lat' dir='ltr'>praebuisset</span> <span class='ocrx_word' id='word_1_223' title='bbox 514 2846 656 2911; x_wconf 90' lang='lat' dir='ltr'>universi</span> <span class='ocrx_word' id='word_1_224' title='bbox 678 2847 837 2910; x_wconf 86' lang='lat' dir='ltr'>venientis</span> <span class='ocrx_word' id='word_1_225' title='bbox 861 2846 1029 2912; x_wconf 89' lang='lat' dir='ltr'>exercitus.</span> <span class='ocrx_word' id='word_1_226' title='bbox 1076 2847 1140 2914; x_wconf 83' lang='lat' dir='ltr'>Sed</span> <span class='ocrx_word' id='word_1_227' title='bbox 1167 2855 1168 2858; x_wconf 72' lang='grc'>’</span> 
     </span>
     <span class='ocr_line' id='line_1_32' title="bbox 123 2933 1138 3020; baseline 0.01 -27"><span class='ocrx_word' id='word_1_228' title='bbox 123 2951 196 2994; x_wconf 92' lang='lat' dir='ltr'>cum</span> <span class='ocrx_word' id='word_1_229' title='bbox 224 2933 441 3014; x_wconf 87' lang='lat' dir='ltr'>speculatores</span> <span class='ocrx_word' id='word_1_230' title='bbox 470 2936 719 3018; x_wconf 89' lang='lat' dir='ltr'>reverterentur,</span> <span class='ocrx_word' id='word_1_231' title='bbox 750 2935 863 3017; x_wconf 92' lang='lat' dir='ltr'>procul</span> <span class='ocrx_word' id='word_1_232' title='bbox 891 2935 1006 3020; x_wconf 85' lang='lat' dir='ltr'>ingens</span> <span class='ocrx_word' id='word_1_233' title='bbox 1030 2937 1138 3003; x_wconf 88' lang='lat' dir='ltr'>multi·</span> 
     </span>
     <span class='ocr_line' id='line_1_33' title="bbox 122 3018 1139 3107; baseline 0.01 -26"><span class='ocrx_word' id='word_1_234' title='bbox 122 3018 199 3082; x_wconf 92' lang='lat' dir='ltr'>tudo</span> <span class='ocrx_word' id='word_1_235' title='bbox 223 3023 396 3102; x_wconf 89' lang='lat' dir='ltr'>conspecta</span> <span class='ocrx_word' id='word_1_236' title='bbox 420 3025 477 3085; x_wconf 88' lang='lat' dir='ltr'>ast.</span> <span class='ocrx_word' id='word_1_237' title='bbox 518 3020 615 3106; x_wconf 87' lang='lat' dir='ltr'>Ignes</span> <span class='ocrx_word' id='word_1_238' title='bbox 638 3022 751 3087; x_wconf 89' lang='lat' dir='ltr'>deinde</span> <span class='ocrx_word' id='word_1_239' title='bbox 773 3024 853 3086; x_wconf 91' lang='lat' dir='ltr'>totis</span> <span class='ocrx_word' id='word_1_240' title='bbox 883 3024 1004 3107; x_wconf 92' lang='lat' dir='ltr'>campis</span> <span class='ocrx_word' id='word_1_241' title='bbox 1029 3025 1139 3090; x_wconf 89' lang='lat' dir='ltr'>conlu-</span> 
     </span>
     <span class='ocr_line' id='line_1_34' title="bbox 122 3109 1142 3194; baseline 0.01 -25"><span class='ocrx_word' id='word_1_242' title='bbox 122 3127 193 3169; x_wconf 91' lang='lat' dir='ltr'>cere</span> <span class='ocrx_word' id='word_1_243' title='bbox 216 3111 391 3189; x_wconf 91' lang='lat' dir='ltr'>coeperunt</span> <span class='ocrx_word' id='word_1_244' title='bbox 414 3109 585 3194; x_wconf 88' lang='lat' dir='ltr'>omniaque</span> <span class='ocrx_word' id='word_1_245' title='bbox 607 3111 696 3175; x_wconf 89' lang='lat' dir='ltr'>velut</span> <span class='ocrx_word' id='word_1_246' title='bbox 718 3111 897 3174; x_wconf 88' lang='lat' dir='ltr'>continenti</span> <span class='ocrx_word' id='word_1_247' title='bbox 920 3111 1068 3178; x_wconf 89' lang='lat' dir='ltr'>incendio</span> <span class='ocrx_word' id='word_1_248' title='bbox 1088 3134 1142 3179; x_wconf 75' lang='grc' dir='ltr'>ιιτ-Ι</span> 
     </span>
    </p>
   </div>
   <div class='ocr_carea' id='block_1_3' title="bbox 25 3193 1138 3640">
    <p class='ocr_par' dir='ltr' id='par_1_3' title="bbox 122 3193 1137 3285">
     <span class='ocr_line' id='line_1_35' title="bbox 122 3193 1137 3285; baseline 0.009 -29"><span class='ocrx_word' id='word_1_249' title='bbox 122 3193 196 3257; x_wconf 91' lang='lat' dir='ltr'>dere</span> <span class='ocrx_word' id='word_1_250' title='bbox 223 3195 306 3278; x_wconf 88' lang='lat' dir='ltr'>visa,</span> <span class='ocrx_word' id='word_1_251' title='bbox 339 3217 412 3260; x_wconf 91' lang='lat' dir='ltr'>cum</span> <span class='ocrx_word' id='word_1_252' title='bbox 440 3198 605 3263; x_wconf 89' lang='lat' dir='ltr'>incondita</span> <span class='ocrx_word' id='word_1_253' title='bbox 632 3199 806 3263; x_wconf 91' lang='lat' dir='ltr'>multitudo</span> <span class='ocrx_word' id='word_1_254' title='bbox 834 3200 973 3264; x_wconf 87' lang='lat' dir='ltr'>maxime</span> <span class='ocrx_word' id='word_1_255' title='bbox 1001 3205 1137 3285; x_wconf 89' lang='lat' dir='ltr'>propter</span> 
     </span>
    </p>

    <p class='ocr_par' dir='ltr' id='par_1_4' title="bbox 70 3281 1138 3549">
     <span class='ocr_line' id='line_1_36' title="bbox 70 3281 1138 3371; baseline 0.004 -21"><span class='ocrx_word' id='word_1_256' title='bbox 70 3301 102 3349; x_wconf 83' lang='lat' dir='ltr'>rs</span> <span class='ocrx_word' id='word_1_257' title='bbox 122 3281 267 3346; x_wconf 88' lang='lat' dir='ltr'>iumenta</span> <span class='ocrx_word' id='word_1_258' title='bbox 296 3284 400 3348; x_wconf 89' lang='lat' dir='ltr'>laxius</span> <span class='ocrx_word' id='word_1_259' title='bbox 426 3286 582 3351; x_wconf 88' lang='lat' dir='ltr'>tenderet.</span> <span class='ocrx_word' id='word_1_260' title='bbox 626 3287 739 3370; x_wconf 89' lang='lat' dir='ltr'>ltaque</span> <span class='ocrx_word' id='word_1_261' title='bbox 769 3309 806 3351; x_wconf 93' lang='lat' dir='ltr'>eo</span> <span class='ocrx_word' id='word_1_262' title='bbox 829 3288 901 3371; x_wconf 89' lang='lat' dir='ltr'>ipso</span> <span class='ocrx_word' id='word_1_263' title='bbox 925 3288 997 3353; x_wconf 91' lang='lat' dir='ltr'>loeo</span> <span class='ocrx_word' id='word_1_264' title='bbox 1021 3289 1138 3355; x_wconf 83' lang='lat' dir='ltr'>metari</span> 
     </span>
     <span class='ocr_line' id='line_1_37' title="bbox 122 3372 1138 3460; baseline 0.011 -28"><span class='ocrx_word' id='word_1_265' title='bbox 122 3391 197 3434; x_wconf 90' lang='lat' dir='ltr'>suos</span> <span class='ocrx_word' id='word_1_266' title='bbox 234 3375 342 3436; x_wconf 87' lang='lat' dir='ltr'>eastra</span> <span class='ocrx_word' id='word_1_267' title='bbox 375 3372 530 3459; x_wconf 89' lang='lat' dir='ltr'>iusserat,</span> <span class='ocrx_word' id='word_1_268' title='bbox 566 3375 685 3460; x_wconf 89' lang='lat' dir='ltr'>laetus,</span> <span class='ocrx_word' id='word_1_269' title='bbox 721 3375 807 3459; x_wconf 92' lang='lat' dir='ltr'>quod</span> <span class='ocrx_word' id='word_1_270' title='bbox 839 3376 927 3441; x_wconf 90' lang='lat' dir='ltr'>omui</span> <span class='ocrx_word' id='word_1_271' title='bbox 956 3378 1138 3460; x_wconf 85' lang='lat' dir='ltr'>expetierat</span> 
     </span>
     <span class='ocr_line' id='line_1_38' title="bbox 119 3459 1137 3549; baseline 0.018 -36"><span class='ocrx_word' id='word_1_272' title='bbox 119 3460 208 3535; x_wconf 78' lang='lat' dir='ltr'>voto,</span> <span class='ocrx_word' id='word_1_273' title='bbox 242 3459 370 3525; x_wconf 83' lang='lat' dir='ltr'>inillis</span> <span class='ocrx_word' id='word_1_274' title='bbox 389 3463 600 3545; x_wconf 88' lang='lat' dir='ltr'>potissimum</span> <span class='ocrx_word' id='word_1_275' title='bbox 623 3465 781 3549; x_wconf 88' lang='lat' dir='ltr'>angustiis</span> <span class='ocrx_word' id='word_1_276' title='bbox 804 3464 1038 3530; x_wconf 90' lang='lat' dir='ltr'>decernendum</span> <span class='ocrx_word' id='word_1_277' title='bbox 1060 3468 1137 3534; x_wconf 90' lang='lat' dir='ltr'>fore.</span> 
     </span>
    </p>

    <p class='ocr_par' dir='ltr' id='par_1_5' title="bbox 25 3532 1135 3640">
     <span class='ocr_line' id='line_1_39' title="bbox 25 3532 1135 3640; baseline 0.032 -54"><span class='ocrx_word' id='word_1_278' title='bbox 25 3545 67 3588; x_wconf 75' lang='lat'>20</span> <span class='ocrx_word' id='word_1_279' title='bbox 87 3532 257 3623; x_wconf 78' lang='lat' dir='ltr'>Ceterum,</span> <span class='ocrx_word' id='word_1_280' title='bbox 288 3551 327 3609; x_wconf 87' lang='lat' dir='ltr'>ut</span> <span class='ocrx_word' id='word_1_281' title='bbox 348 3551 439 3615; x_wconf 87' lang='lat' dir='ltr'>solet</span> <span class='ocrx_word' id='word_1_282' title='bbox 463 3552 547 3640; x_wconf 86' lang='lat' dir='ltr'>fieri,</span> <span class='ocrx_word' id='word_1_283' title='bbox 571 3576 648 3620; x_wconf 92' lang='lat' dir='ltr'>cum</span> <span class='ocrx_word' id='word_1_284' title='bbox 668 3553 779 3619; x_wconf 88' lang='lat' dir='ltr'>ultimi</span> <span class='ocrx_word' id='word_1_285' title='bbox 797 3553 991 3617; x_wconf 71' lang='lat' dir='ltr'>discriminis</span> <span class='ocrx_word' id='word_1_286' title='bbox 1005 3557 1135 3638; x_wconf 85' lang='lat' dir='ltr'>tempus</span> 
     </span>
    </p>
   </div>
   <div class='ocr_carea' id='block_1_4' title="bbox 0 0 1182 3846">
    <p class='ocr_par' dir='ltr' id='par_1_6' title="bbox 0 0 1182 3846">
     <span class='ocr_line' id='line_1_40' title="bbox 0 0 1182 3846; baseline 0 0"><span class='ocrx_word' id='word_1_287' title='bbox 0 0 1182 3846; x_wconf 95' lang='lat' dir='ltr'> </span> 
     </span>
    </p>
   </div>
  </div>
 </body>
</html>
