2356 3846
263 195 517 253 maronianum
534 194 752 252 ALEXANDRI
770 195 817 265 VI,
837 202 860 252 7.
1007 195 1070 259 133

56 341 202 406 sermoni
235 362 292 406 suo
324 360 436 424 regem.
463 344 614 405 causatus
647 340 805 406 discessit
853 339 989 405 Postero
1019 340 1071 405 die

56 427 233 495 Cebalinus
252 429 395 495 venienti
415 429 450 493 in
466 430 591 514 regiam
613 433 744 513 praesto
765 432 815 512 est
832 429 1071 512 intrantemque

56 518 212 583 admonet
229 517 332 601 pridie
350 517 606 582 communicatae
625 539 698 582 cum
717 518 788 600 ipso
806 517 863 582 rei.
897 517 958 581 Ille
977 539 1071 581 curae

56 607 122 670 sibi
154 626 225 670 esse
257 605 442 689 respondet:
475 627 511 669 ac
538 627 578 671 ne
613 609 683 670 tum
716 605 845 690 quidem
872 606 957 690 regi,
989 627 1070 688 quae

56 694 218 777 audierat,
250 693 362 778 aperit
413 692 571 777 Coeperat
602 691 757 759 Cebalino
791 715 861 758 esse
894 698 1071 778 suspectus.

56 782 171 866 ltaque
189 803 255 847 non
273 782 360 847 ultra
378 782 650 866 interpellandum
668 786 759 847 ratus
778 781 881 847 nobili
903 783 1012 847 iuveni
1029 819 1069 829 -
1089 801 1124 850 11

56 871 187 935 Metron
206 874 276 935 erat
294 871 324 934 ei
342 891 461 936 nomeu
476 907 517 917 -
535 893 631 954 super
650 871 935 936 armamentarium
954 871 1072 954 posito,

58 959 144 1042 quod
166 960 270 1024 scelus
288 962 473 1043 pararetur,
496 959 626 1024 indicat.
662 959 723 1024 Ille
743 957 898 1024 Cebalino
917 959 953 1022 in
970 981 1072 1024 arma·
1091 979 1124 1027 11

59 1046 220 1111 menterio
240 1047 431 1113 abscondito
450 1047 599 1131 protinus
612 1048 685 1132 regi
699 1069 814 1131 corpus
833 1048 919 1112 forte
938 1048 1072 1129 curanti,

10 1139 46 1203 27
58 1135 137 1219 quid
161 1134 256 1199 index
274 1135 458 1217 detulisset,
481 1136 631 1201 ostendit.
667 1135 737 1200 Rex
757 1136 797 1201 ad
816 1135 1071 1218 conprehenden-
1091 1155 1126 1205 14

57 1223 136 1288 dum
148 1221 314 1307 Dymnum
327 1224 437 1288 missis
453 1224 647 1289 satellitibus
663 1228 948 1289 armamentarium
961 1223 1072 1288 intrat.

55 1310 109 1376 Ibi
128 1308 300 1376 Cebalinus
325 1312 443 1397 gaudio
467 1313 585 1396 elatus,
609 1311 735 1377 ‘Habeo
757 1312 813 1395 te',
835 1312 950 1396 inquit,
973 1311 1072 1377 ‘inoe-

56 1400 180 1464 lumem
209 1421 255 1463 ex.
274 1399 437 1484 inpiorum
465 1402 613 1464 manibus
643 1399 812 1483 ereptum’.
861 1399 1071 1465 Percontatus
1091 1419 1125 1470 25

56 1487 174 1552 deinde
191 1486 388 1565 Alexander,
413 1509 495 1571 quae
519 1489 680 1553 noscenda
698 1492 804 1568 erant,
828 1488 939 1553 ordine
958 1493 1073 1554 cuncta

57 1575 234 1660 cognoscit.
282 1575 470 1658 Rursusque
502 1576 624 1641 institit
657 1597 825 1660 quaerere,
854 1581 971 1660 quotus
1004 1577 1072 1642 dies

57 1668 160 1746 esset,
183 1684 222 1728 ex
246 1685 309 1747 quo
327 1663 546 1729 Nicomachus
565 1664 605 1728 11
625 1685 697 1728 eum
719 1664 891 1729 detulisset
909 1665 1073 1730 indicium.

56 1753 167 1836 Atque
187 1751 245 1817 illo
263 1752 400 1835 fatente,
423 1751 489 1815 iam
507 1752 639 1816 tertium
659 1774 743 1836 esse,
762 1753 965 1835 existimans,
986 1752 1125 1822 1111116

56 1841 245 1923 incorrupta
263 1840 327 1904 fide
350 1843 444 1905 tanto
464 1843 539 1923 post
561 1839 699 1925 deferre,
723 1862 806 1924 quae
824 1841 983 1923 audierat,
1004 1842 1072 1905 vin-

31 1993 39 2000 ,
57 1929 118 1994 ciri
142 1950 215 1994 eum
233 1929 338 1992 iussit.
373 1926 434 1992 Ille
454 1928 621 1992 clamitare
640 1929 761 2013 coepit,
785 1928 897 1994 eodem
916 1930 1072 2011 temporis
1092 1950 1126 1998 ar

57 2020 238 2099 momento,
261 2037 324 2101 quc
344 2016 499 2098 audisset,
523 2016 563 2081 ad
581 2015 735 2083 Philotan
758 2017 949 2084 decurrisse:
973 2018 1013 2081 ab
1035 2040 1072 2082 eo

58 2104 181 2189 operiri
209 2109 372 2188 conperta
419 2105 500 2170 Tum
527 2126 598 2188 rer,
627 2104 801 2169 identidem
829 2126 999 2189 quaerens,
1032 2128 1074 2170 an
1092 2127 1126 2175 18

57 2193 216 2259 Philotan
238 2192 374 2276 adisset,
397 2215 438 2257 an
464 2193 641 2258 institisset
668 2192 711 2275 ei,
737 2196 775 2256 ut
801 2193 1007 2276 pervenirent
1034 2195 1073 2259 ad

58 2303 107 2364 se,
131 2283 357 2364 perseverante
376 2302 414 2344 eo
434 2280 618 2364 adfirmare,
642 2302 724 2364 quae
744 2280 882 2366 dixerat,
899 2303 1013 2347 manus
1033 2283 1074 2346 11

58 2369 186 2434 caelum
207 2369 341 2437 tendens
361 2369 567 2434 manantibus
590 2369 734 2433 lacrimis
752 2368 838 2435 hanc
856 2370 920 2434 sibi
939 2392 958 2433 a
977 2372 1073 2436 caris-

25 2454 29 2463 ’
58 2458 144 2523 simo
164 2457 329 2541 quondam
348 2457 525 2523 amicorum
545 2457 683 2522 relatam
706 2457 848 2542 gratiam
872 2458 1073 2541 querebatur.

57 2545 149 2611 Inter
175 2544 255 2610 haec
281 2544 428 2629 Dymnus
456 2544 544 2610 haud
570 2547 718 2629 ignarus,
745 2567 842 2629 quam
871 2546 912 2610 ob
942 2567 1124 2616 1111111119

57 2636 276 2699 accerseretur
304 2654 324 2698 e
349 2655 440 2719 rege,
472 2633 597 2721 gladio,
631 2654 693 2717 quo
724 2633 810 2699 forte
839 2636 909 2697 erat
940 2627 1085 2718 cinctus,

58 2721 203 2808 graviter
231 2743 266 2789 se
295 2723 444 2787 vulnerat
471 2742 668 2805 occursuque
701 2721 880 2786 satellitum
914 2722 1072 2788 inhibitus

57 2809 221 2894 perfertur
238 2810 272 2875 in
290 2810 424 2895 regiam.
461 2809 563 2885 Quem
581 2809 711 2875 intuens
729 2832 794 2893 rex,
814 2807 939 2893 ‘Quod’‚
958 2811 1072 2895 inquit,
1092 2833 1126 2882 30

59 2897 106 2963 ‘in
128 2901 176 2982 11,
202 2897 344 2982 Dymae,
369 2901 498 2962 tantum
521 2898 664 2983 cogitavi
686 2898 791 2981 nefas,
818 2901 856 2961 ut
882 2899 945 2962 tibi
967 2897 1073 2964 Mace·

57 2986 182 3052 donum
194 3002 301 3071 'regno
325 2985 452 3071 dignior
470 2986 618 3051 Philotas
637 3008 688 3051 me
711 3007 836 3071 quoque
858 2986 931 3069 ipso
949 2987 1072 3052 videre-

57 3073 149 3141 tur?
193 3075 292 3146 Illum
314 3075 381 3143 iam
405 3073 574 3140 defecerat·
589 3096 660 3141 vox.
700 3074 815 3157 Itaque
839 3073 924 3139 edito
948 3077 1073 3160 gemitu

56 3163 215 3248 uultuque
239 3176 258 3228 a
281 3165 454 3247 conspectu
480 3162 566 3247 regis
595 3183 708 3228 averso
737 3161 874 3227 subinde
899 3164 1072 3248 conlapsus

58 3250 270 3338 extinguitur.
298 3296 301 3303 -
344 3314 352 3322 ,,
393 3316 397 3321 ,
425 3310 427 3315 ,

10 3341 47 3411 28
95 3340 99 3347 ’
147 3339 216 3407 Rex
238 3339 377 3410 Philota,
392 3340 500 3404 venire
519 3339 559 3403 in
580 3340 706 3423 regiam
733 3339 836 3425 iusso,
864 3337 1072 3425 ‘Cebalinus'‚
1090 3363 1124 3412 31

56 3429 180 3514 inquit,
199 3427 363 3499 ‘ultimum
380 3427 573 3512 supplicium
588 3429 738 3513 meritus,
758 3429 786 3494 si
804 3429 838 3494 in
852 3435 950 3512 caput
963 3452 1071 3495 meum

55 3514 435 3601 praeparatas-iusidias
462 3515 560 3581 biduo
584 3516 684 3604 texit,
706 3516 807 3583 buius
830 3516 985 3580 1111111111
996 3515 1085 3575 111-

52 3607 147 3672 lotan
168 3625 259 3671 reum
278 3605 473 3694 substituit,
496 3606 540 3674 ad
565 3628 667 3694 quem
686 3605 850 3693 pretinus
866 3593 1115 3663 1111111111-
