2356 3846
495 125 694 190 ,7-

80 286 335 371 praemiserunt.
366 285 549 370 Imperator
569 291 677 352 autem
698 287 866 352 intellecto
886 287 1032 371 ipsorum
1051 288 1106 352 ad·

82 379 186 441 ventu
208 397 264 441 eos
286 375 464 442 honorifice
487 376 610 460 recepit
634 380 667 440 et
690 380 867 442 convocata
888 376 1048 441 nobilium
1072 380 1105 440 et

83 469 278 549 magnatum
301 465 352 530 sui
375 465 505 549 imperii
528 465 737 530 multitudine
757 466 803 530 eis
828 466 977 531 convivia
1000 471 1032 530 et
1056 488 1105 530 so-

84 554 172 619 lacia
198 554 328 619 infinita
354 554 541 638 praeparari
569 553 737 619 mandavit
760 559 794 618 et
820 554 907 619 fecit.
950 553 1106 639 Sequenti

57 656 164 708 ⁶vero
184 643 236 708 die
259 643 353 728 impii
372 646 568 708 mercatores
588 643 795 727 imperatoris
814 644 1034 727 praesentiam
1055 665 1106 708 ac-

86 731 237 796 cedentes
267 732 330 797 sibi
359 731 531 797 confictam
566 732 728 797 malitiam
761 755 854 797 suam
887 737 1106 816 exposuerunt

86 820 245 886 dicentes:
277 819 316 886 Ὀ
343 820 537 907 imperator,
568 821 718 886 dominus
745 825 856 887 noster
883 821 1105 886 Romanorum

85 910 264 993 imperator
295 911 417 975 nostris
449 910 624 994 praecipue
657 915 690 976 et
723 911 861 976 aliorum
893 911 1023 993 imperii
1054 911 1105 974 sui

86 997 246 1081 fidelium,
275 1000 329 1082 qui
356 1021 470 1083 pacem
498 1000 640 1085 diligunt
668 1021 706 1064 ac
734 1003 857 1063 terram
880 1004 913 1063 et
935 999 1105 1064 hominum

51 1101 74 1141 1⁰
86 1087 258 1152 commoda
277 1092 529 1172 prosequuntur,
547 1089 691 1155 consiliis
710 1089 839 1154 illectus
860 1093 892 1152 et
905 1088 1012 1152 victus
1026 1088 1105 1152 fina-

85 1176 163 1242 liter
180 1176 294 1241 multis
317 1177 469 1259 precibus
488 1177 658 1242 nobiscum
681 1200 795 1261 paoem
818 1176 924 1242 facere
946 1176 1105 1260 cogitavit

84 1269 118 1330 et
141 1267 180 1330 ut
202 1269 360 1349 perpetuo
384 1266 501 1331 robore
526 1266 682 1331 solidetur
704 1266 808 1330 filium
832 1288 925 1331 suum
945 1264 1104 1330 Constan-

83 1355 192 1419 tinum
217 1353 306 1418 filiae
333 1357 460 1419 vestrae
484 1355 598 1419 unicae
626 1355 662 1419 in
684 1355 929 1419 matrimonium
953 1355 1105 1439 copulare

85 1443 248 1526 disposuit
267 1447 300 1507 et
317 1449 355 1507 ut
377 1443 441 1526 ipsi
463 1443 586 1527 pariter
607 1444 714 1527 vobis,
738 1465 811 1508 cum
830 1444 980 1508 heredem
1004 1444 1105 1508 alium

45 1547 151 1597 aenon
182 1531 346 1616 habeatis,
378 1532 413 1595 in
441 1530 638 1597 Graecorum
666 1536 700 1597 et
726 1533 790 1597 sibi
817 1532 853 1596 in
882 1531 1104 1598 Romanorum

82 1619 232 1704 imperiis
248 1621 418 1685 succedere
435 1622 562 1704 possint
580 1624 810 1704 postmortem
826 1625 967 1685 vestram
982 1631 1105 1685 vestro-

82 1731 222 1793 rumque
246 1710 372 1792 etipse
396 1706 630 1774 Constantinus
654 1732 727 1774 eum
751 1709 887 1794 coniuge
913 1731 973 1774 sua
994 1712 1105 1774 vestra

83 1798 155 1863 filia
183 1798 352 1882 utriusque
380 1798 510 1882 imperii
537 1798 714 1863 monarcha
740 1799 800 1863 fiat
826 1802 860 1862 et
887 1799 951 1863 toti
975 1799 1104 1863 saeculo

85 1886 292 1953 dominetur’.
1026 1939 1031 1951 ,

40 1993 70 2034 ro
174 1975 357 2061 Imperator
370 1998 447 2041 vero
467 1977 506 2041 de
527 1997 562 2041 re
580 1979 648 2040 tam
667 1976 783 2060 grandi
798 1975 999 2060 stupefactus
1018 1971 1158 2040 inter10

84 2087 120 2130 se
143 2065 288 2150 cogitare
311 2066 419 2148 coepit
446 2065 584 2150 qualiter
607 2065 649 2129 ad
675 2065 860 2130 huiusmodi
884 2064 1103 2148 responderet.

84 2153 232 2219 Tandem
256 2153 441 2219 convocatis
469 2154 671 2238 principibus
695 2155 763 2218 suis
786 2158 820 2218 et
841 2154 1006 2219 nobilibus
1032 2176 1104 2218 oum

85 2244 132 2308 eis
156 2265 252 2327 super
275 2242 327 2307 his
351 2242 570 2307 ministerium
599 2243 727 2307 consilii
751 2243 802 2307 sui
828 2243 946 2308 habuit
968 2246 1001 2307 et
1024 2243 1103 2307 fina-

84 2332 162 2397 liter
185 2331 377 2397 deliberatio
396 2332 541 2396 omnium
564 2330 600 2394 in
622 2331 685 2395 hoc
704 2331 824 2395 resedit
844 2332 931 2415 quod
954 2331 1024 2415 ipse
1044 2331 1103 2395 im·

42 2437 71 2478 ’ὁ
83 2425 218 2506 perator
240 2419 439 2484 Graecorum
463 2419 597 2483 attentis
620 2423 795 2502 perpetuae
815 2421 905 2502 pacis
925 2419 1102 2484 commodis

83 2513 238 2594 prompte
260 2509 381 2574 faceret
404 2508 489 2593 quod
513 2507 577 2572 sibi
601 2507 681 2572 adeo
701 2507 879 2572 liberaliter
899 2507 1103 2572 offerebatur.

82 2599 148 2664 His
170 2599 312 2683 peractis
335 2599 514 2680 imperator
536 2595 661 2660 vocatis
682 2596 776 2660 adse
800 2596 894 2661 dictis
914 2597 1103 2661 mercatori-

83 2689 145 2752 bus
170 2686 253 2751 dixit
276 2687 336 2751 eis:
365 2684 497 2750 ‘Omnia
519 2706 601 2769 quae
624 2685 804 2768 imperator
826 2684 992 2750 Romanus
1017 2686 1103 2770 cogi·

82 2776 168 2848 tavit
196 2775 325 2859 explere
351 2776 443 2839 iuxta
470 2774 663 2838 relationem
691 2777 835 2839 vestram
858 2774 967 2857 parati
990 2796 1101 2840 sumus

42 2883 69 2924 eo
83 2870 118 2931 et
146 2864 187 2929 ad
214 2868 405 2948 perpetuam
432 2885 546 2947 pacem
569 2885 679 2927 secum
708 2862 891 2927 faciendam
915 2865 948 2926 et
971 2885 1102 2928 servan-

81 2956 160 3020 dam
183 2954 286 3017 filiam
304 2956 451 3018 nostram
474 2953 602 3017 unicam
625 2951 693 3016 filio
718 2973 775 3016 suo
796 2949 1012 3017 Constantino
1036 2975 1103 3017 ma·

81 3042 316 3109 trimonialiter
334 3041 487 3126 copulare
505 3041 655 3106 volumus
680 3040 721 3104 ad
745 3054 873 3105 omnem
897 3040 1046 3105 effectum
1065 3045 1103 3106 ut

157 3279 174 3326 4
193 3269 354 3340 praeparari
368 3285 418 3325 om.
433 3269 469 3325 F.
543 3275 575 3324 21
592 3269 628 3323 ad
644 3268 807 3323 huiusmodi
824 3270 895 3324 idem
913 3269 1052 3338 cicumeat
1069 3285 1103 3323 oo

81 3344 121 3398 ad
139 3341 303 3396 huiusmodi
325 3358 383 3408 res;
407 3342 569 3397 vocabalum
592 3357 635 3395 res
654 3347 719 3410 post
741 3343 807 3396 haec
824 3342 888 3411 ipsa
905 3341 987 3395 verbo
1004 3341 1036 3393 ia
1053 3340 1103 3395 boc

81 3415 175 3473 libello
195 3413 284 3468 omitti
300 3415 373 3468 colet.
446 3418 480 3468 23
500 3411 555 3466 hiis
575 3413 652 3468 codd.
