<?xml version="1.0" encoding="UTF-8"?>
<!DOCTYPE html PUBLIC "-//W3C//DTD XHTML 1.0 Transitional//EN"
    "http://www.w3.org/TR/xhtml1/DTD/xhtml1-transitional.dtd">
<html xmlns="http://www.w3.org/1999/xhtml" xml:lang="en" lang="en">
 <head>
  <title>
</title>
<meta http-equiv="Content-Type" content="text/html;charset=utf-8" />
  <meta name='ocr-system' content='tesseract 3.04.00' />
  <meta name='ocr-capabilities' content='ocr_page ocr_carea ocr_par ocr_line ocrx_word'/>
</head>
<body>
  <div class='ocr_page' id='page_1' title='image "./incertiauctoris00heydgoog_0205.png"; bbox 0 0 2356 3846; ppageno 0'>
   <div class='ocr_carea' id='block_1_1' title="bbox 265 164 1073 237">
    <p class='ocr_par' dir='ltr' id='par_1_1' title="bbox 265 164 1073 237">
     <span class='ocr_line' id='line_1_1' title="bbox 265 164 1073 237; baseline 0.015 -17"><span class='ocrx_word' id='word_1_1' title='bbox 265 164 518 223; x_wconf 80' lang='lat' dir='ltr'><strong>HISTORIARUM</strong></span> <span class='ocrx_word' id='word_1_2' title='bbox 535 166 750 223; x_wconf 75' lang='lat' dir='ltr'><strong>Annxennnl</strong></span> <span class='ocrx_word' id='word_1_3' title='bbox 769 167 829 237; x_wconf 88' lang='lat' dir='ltr'><strong>Vll,</strong></span> <span class='ocrx_word' id='word_1_4' title='bbox 848 174 873 224; x_wconf 76' lang='grc'><strong>6.</strong></span> <span class='ocrx_word' id='word_1_5' title='bbox 1009 167 1073 231; x_wconf 85' lang='grc'><strong>169</strong></span> 
     </span>
    </p>
   </div>
   <div class='ocr_carea' id='block_1_2' title="bbox 10 308 1140 3553">
    <p class='ocr_par' dir='ltr' id='par_1_2' title="bbox 62 308 1128 1189">
     <span class='ocr_line' id='line_1_2' title="bbox 63 308 1073 396; baseline 0 -20"><span class='ocrx_word' id='word_1_6' title='bbox 63 310 248 376; x_wconf 80' lang='lat' dir='ltr'><strong>Alexander</strong></span> <span class='ocrx_word' id='word_1_7' title='bbox 277 308 487 394; x_wconf 82' lang='lat' dir='ltr'>Spitamenen</span> <span class='ocrx_word' id='word_1_8' title='bbox 513 316 547 375; x_wconf 89' lang='lat' dir='ltr'><strong>et</strong></span> <span class='ocrx_word' id='word_1_9' title='bbox 574 308 731 395; x_wconf 89' lang='lat' dir='ltr'><strong>Catenen,</strong></span> <span class='ocrx_word' id='word_1_10' title='bbox 759 333 779 377; x_wconf 92' lang='lat' dir='ltr'><strong>a</strong></span> <span class='ocrx_word' id='word_1_11' title='bbox 806 311 922 396; x_wconf 88' lang='lat' dir='ltr'><strong>quibua</strong></span> <span class='ocrx_word' id='word_1_12' title='bbox 951 312 981 377; x_wconf 92' lang='lat' dir='ltr'><strong>ei</strong></span> <span class='ocrx_word' id='word_1_13' title='bbox 1008 314 1073 376; x_wconf 89' lang='lat' dir='ltr'><strong>tra·</strong></span> 
     </span>
     <span class='ocr_line' id='line_1_3' title="bbox 62 398 1074 483; baseline 0 -19"><span class='ocrx_word' id='word_1_14' title='bbox 62 400 150 464; x_wconf 88' lang='lat' dir='ltr'><strong>ditus</strong></span> <span class='ocrx_word' id='word_1_15' title='bbox 183 401 253 464; x_wconf 90' lang='lat' dir='ltr'><strong>erat</strong></span> <span class='ocrx_word' id='word_1_16' title='bbox 284 398 419 481; x_wconf 80' lang='lat' dir='ltr'><strong>Bessus,</strong></span> <span class='ocrx_word' id='word_1_17' title='bbox 454 398 540 464; x_wconf 90' lang='lat' dir='ltr'><strong>haud</strong></span> <span class='ocrx_word' id='word_1_18' title='bbox 572 399 687 464; x_wconf 89' lang='lat' dir='ltr'><strong>dubius</strong></span> <span class='ocrx_word' id='word_1_19' title='bbox 722 399 800 483; x_wconf 92' lang='lat' dir='ltr'><strong>quin</strong></span> <span class='ocrx_word' id='word_1_20' title='bbox 832 422 942 465; x_wconf 90' lang='lat' dir='ltr'><strong>eorum</strong></span> <span class='ocrx_word' id='word_1_21' title='bbox 974 421 1074 483; x_wconf 93' lang='lat' dir='ltr'><strong>opera</strong></span> 
     </span>
     <span class='ocr_line' id='line_1_4' title="bbox 62 487 1075 573; baseline 0 -21"><span class='ocrx_word' id='word_1_22' title='bbox 62 487 168 570; x_wconf 79' lang='lat' dir='ltr'><strong>redigi</strong></span> <span class='ocrx_word' id='word_1_23' title='bbox 185 491 320 570; x_wconf 75' lang='lat' dir='ltr'><strong>possent</strong></span> <span class='ocrx_word' id='word_1_24' title='bbox 336 487 372 551; x_wconf 94' lang='lat' dir='ltr'><strong>in</strong></span> <span class='ocrx_word' id='word_1_25' title='bbox 390 488 587 570; x_wconf 89' lang='lat' dir='ltr'><strong>potestatem</strong></span> <span class='ocrx_word' id='word_1_26' title='bbox 606 488 661 571; x_wconf 91' lang='lat' dir='ltr'><strong>qui</strong></span> <span class='ocrx_word' id='word_1_27' title='bbox 678 492 878 553; x_wconf 78' lang='lat' dir='ltr'><strong>novaverant</strong></span> <span class='ocrx_word' id='word_1_28' title='bbox 895 510 961 573; x_wconf 91' lang='lat' dir='ltr'><strong>res,</strong></span> <span class='ocrx_word' id='word_1_29' title='bbox 979 488 1075 552; x_wconf 88' lang='lat' dir='ltr'><strong>iussit</strong></span> 
     </span>
     <span class='ocr_line' id='line_1_5' title="bbox 64 574 1128 659; baseline 0.005 -18"><span class='ocrx_word' id='word_1_30' title='bbox 64 575 195 641; x_wconf 86' lang='lat' dir='ltr'><strong>accersi.</strong></span> <span class='ocrx_word' id='word_1_31' title='bbox 231 575 277 639; x_wconf 89' lang='lat' dir='ltr'><strong>At</strong></span> <span class='ocrx_word' id='word_1_32' title='bbox 294 575 356 659; x_wconf 91' lang='lat' dir='ltr'><strong>illi,</strong></span> <span class='ocrx_word' id='word_1_33' title='bbox 378 574 583 659; x_wconf 86' lang='lat' dir='ltr'><strong>defectionis,</strong></span> <span class='ocrx_word' id='word_1_34' title='bbox 601 576 641 639; x_wconf 87' lang='lat' dir='ltr'><strong>ad</strong></span> <span class='ocrx_word' id='word_1_35' title='bbox 661 598 757 659; x_wconf 90' lang='lat' dir='ltr'><strong>quam</strong></span> <span class='ocrx_word' id='word_1_36' title='bbox 777 577 983 642; x_wconf 80' lang='lat' dir='ltr'><strong>coercendam</strong></span> <span class='ocrx_word' id='word_1_37' title='bbox 1003 598 1073 641; x_wconf 91' lang='lat' dir='ltr'><strong>evo·</strong></span> <span class='ocrx_word' id='word_1_38' title='bbox 1094 596 1128 646; x_wconf 81' lang='lat'><strong>15</strong></span> 
     </span>
     <span class='ocr_line' id='line_1_6' title="bbox 63 662 1074 749; baseline 0 -20"><span class='ocrx_word' id='word_1_39' title='bbox 63 664 231 747; x_wconf 89' lang='lat' dir='ltr'><strong>cabantur,</strong></span> <span class='ocrx_word' id='word_1_40' title='bbox 246 667 402 746; x_wconf 78' lang='lat' dir='ltr'><strong>auctores,</strong></span> <span class='ocrx_word' id='word_1_41' title='bbox 416 662 628 748; x_wconf 81' lang='lat' dir='ltr'><strong>vulgaverant</strong></span> <span class='ocrx_word' id='word_1_42' title='bbox 641 663 737 747; x_wconf 84' lang='lat' dir='ltr'><strong>fama,</strong></span> <span class='ocrx_word' id='word_1_43' title='bbox 746 664 936 729; x_wconf 87' lang='lat' dir='ltr'><strong>Bactrianos</strong></span> <span class='ocrx_word' id='word_1_44' title='bbox 951 666 1074 749; x_wconf 85' lang='lat' dir='ltr'><strong>equites</strong></span> 
     </span>
     <span class='ocr_line' id='line_1_7' title="bbox 64 751 1074 836; baseline -0.001 -19"><span class='ocrx_word' id='word_1_45' title='bbox 64 775 84 817; x_wconf 91' lang='lat' dir='ltr'><strong>a</strong></span> <span class='ocrx_word' id='word_1_46' title='bbox 102 772 178 836; x_wconf 85' lang='lat' dir='ltr'><strong>rege</strong></span> <span class='ocrx_word' id='word_1_47' title='bbox 197 773 319 835; x_wconf 89' lang='lat' dir='ltr'><strong>omnes,</strong></span> <span class='ocrx_word' id='word_1_48' title='bbox 337 755 375 816; x_wconf 92' lang='lat' dir='ltr'><strong>ut</strong></span> <span class='ocrx_word' id='word_1_49' title='bbox 388 751 618 835; x_wconf 87' lang='lat' dir='ltr'><strong>occiderentur,</strong></span> <span class='ocrx_word' id='word_1_50' title='bbox 632 752 752 817; x_wconf 79' lang='lat' dir='ltr'><strong>accersi</strong></span> <span class='ocrx_word' id='word_1_51' title='bbox 770 753 865 836; x_wconf 92' lang='lat' dir='ltr'><strong>idque</strong></span> <span class='ocrx_word' id='word_1_52' title='bbox 878 753 1074 836; x_wconf 88' lang='lat' dir='ltr'><strong>imperatum</strong></span> 
     </span>
     <span class='ocr_line' id='line_1_8' title="bbox 62 839 1074 924; baseline 0 -20"><span class='ocrx_word' id='word_1_53' title='bbox 62 839 155 924; x_wconf 88' lang='lat' dir='ltr'><strong>ipsis:</strong></span> <span class='ocrx_word' id='word_1_54' title='bbox 178 861 245 905; x_wconf 89' lang='lat' dir='ltr'><strong>non</strong></span> <span class='ocrx_word' id='word_1_55' title='bbox 267 839 459 904; x_wconf 87' lang='lat' dir='ltr'><strong>sustinuisse</strong></span> <span class='ocrx_word' id='word_1_56' title='bbox 481 843 591 904; x_wconf 87' lang='lat' dir='ltr'><strong>tamen</strong></span> <span class='ocrx_word' id='word_1_57' title='bbox 613 841 740 924; x_wconf 86' lang='lat' dir='ltr'><strong>exequi,</strong></span> <span class='ocrx_word' id='word_1_58' title='bbox 761 862 802 905; x_wconf 90' lang='lat' dir='ltr'><strong>ne</strong></span> <span class='ocrx_word' id='word_1_59' title='bbox 825 841 1017 924; x_wconf 83' lang='lat' dir='ltr'><strong>inexpiabile</strong></span> <span class='ocrx_word' id='word_1_60' title='bbox 1041 841 1074 905; x_wconf 91' lang='lat' dir='ltr'><strong>in</strong></span> 
     </span>
     <span class='ocr_line' id='line_1_9' title="bbox 62 927 1074 1013; baseline 0.001 -21"><span class='ocrx_word' id='word_1_61' title='bbox 62 929 237 1013; x_wconf 85' lang='lat' dir='ltr'><strong>populares</strong></span> <span class='ocrx_word' id='word_1_62' title='bbox 262 928 388 994; x_wconf 85' lang='lat' dir='ltr'><strong>facinus</strong></span> <span class='ocrx_word' id='word_1_63' title='bbox 412 927 630 993; x_wconf 86' lang='lat' dir='ltr'><strong>admitterent.</strong></span> <span class='ocrx_word' id='word_1_64' title='bbox 670 927 747 994; x_wconf 92' lang='lat' dir='ltr'><strong>Non</strong></span> <span class='ocrx_word' id='word_1_65' title='bbox 768 929 872 1013; x_wconf 85' lang='lat' dir='ltr'><strong>magis</strong></span> <span class='ocrx_word' id='word_1_66' title='bbox 897 928 1074 993; x_wconf 84' lang='lat' dir='ltr'><strong>Alexandri</strong></span> 
     </span>
     <span class='ocr_line' id='line_1_10' title="bbox 62 1015 1074 1100; baseline -0.001 -19"><span class='ocrx_word' id='word_1_67' title='bbox 62 1016 248 1100; x_wconf 87' lang='lat' dir='ltr'><strong>saevitiam,</strong></span> <span class='ocrx_word' id='word_1_68' title='bbox 266 1037 363 1100; x_wconf 90' lang='lat' dir='ltr'><strong>quam</strong></span> <span class='ocrx_word' id='word_1_69' title='bbox 379 1015 471 1081; x_wconf 90' lang='lat' dir='ltr'><strong>Bessi</strong></span> <span class='ocrx_word' id='word_1_70' title='bbox 493 1016 700 1100; x_wconf 88' lang='lat' dir='ltr'><strong>parricidium</strong></span> <span class='ocrx_word' id='word_1_71' title='bbox 720 1017 804 1081; x_wconf 84' lang='lat' dir='ltr'><strong>ferre</strong></span> <span class='ocrx_word' id='word_1_72' title='bbox 822 1018 974 1100; x_wconf 90' lang='lat' dir='ltr'><strong>potuisse.</strong></span> <span class='ocrx_word' id='word_1_73' title='bbox 1010 1016 1074 1081; x_wconf 91' lang='lat' dir='ltr'><strong>Ita-</strong></span> 
     </span>
     <span class='ocr_line' id='line_1_11' title="bbox 64 1104 1075 1189; baseline 0.001 -21"><span class='ocrx_word' id='word_1_74' title='bbox 64 1125 128 1188; x_wconf 90' lang='lat' dir='ltr'><strong>que</strong></span> <span class='ocrx_word' id='word_1_75' title='bbox 144 1125 203 1169; x_wconf 88' lang='lat' dir='ltr'><strong>sua</strong></span> <span class='ocrx_word' id='word_1_76' title='bbox 221 1109 336 1188; x_wconf 85' lang='lat' dir='ltr'><strong>sponte</strong></span> <span class='ocrx_word' id='word_1_77' title='bbox 350 1104 416 1169; x_wconf 92' lang='lat' dir='ltr'><strong>iam</strong></span> <span class='ocrx_word' id='word_1_78' title='bbox 434 1109 540 1170; x_wconf 90' lang='lat' dir='ltr'><strong>motos</strong></span> <span class='ocrx_word' id='word_1_79' title='bbox 555 1107 644 1170; x_wconf 91' lang='lat' dir='ltr'><strong>metu</strong></span> <span class='ocrx_word' id='word_1_80' title='bbox 660 1127 783 1189; x_wconf 88' lang='lat' dir='ltr'><strong>poenae</strong></span> <span class='ocrx_word' id='word_1_81' title='bbox 802 1104 887 1169; x_wconf 87' lang='lat' dir='ltr'><strong>haud</strong></span> <span class='ocrx_word' id='word_1_82' title='bbox 901 1104 1075 1169; x_wconf 88' lang='lat' dir='ltr'><strong>difficulter</strong></span> 
     </span>
    </p>

    <p class='ocr_par' dir='ltr' id='par_1_3' title="bbox 10 1192 1140 3553">
     <span class='ocr_line' id='line_1_12' title="bbox 10 1192 1130 1279; baseline -0.003 -19"><span class='ocrx_word' id='word_1_83' title='bbox 10 1196 51 1260; x_wconf 78' lang='lat'><strong>27</strong></span> <span class='ocrx_word' id='word_1_84' title='bbox 64 1193 105 1257; x_wconf 88' lang='lat' dir='ltr'><strong>ad</strong></span> <span class='ocrx_word' id='word_1_85' title='bbox 132 1215 223 1257; x_wconf 90' lang='lat' dir='ltr'><strong>arma</strong></span> <span class='ocrx_word' id='word_1_86' title='bbox 249 1193 499 1258; x_wconf 87' lang='lat' dir='ltr'><strong>concitaverunt.</strong></span> <span class='ocrx_word' id='word_1_87' title='bbox 544 1193 728 1258; x_wconf 82' lang='lat' dir='ltr'><strong>Alexander</strong></span> <span class='ocrx_word' id='word_1_88' title='bbox 757 1192 998 1279; x_wconf 84' lang='lat' dir='ltr'><strong>transfugarum</strong></span> <span class='ocrx_word' id='word_1_89' title='bbox 1024 1194 1076 1257; x_wconf 91' lang='lat' dir='ltr'><strong>de·</strong></span> <span class='ocrx_word' id='word_1_90' title='bbox 1095 1215 1130 1264; x_wconf 79' lang='lat'><strong>16</strong></span> 
     </span>
     <span class='ocr_line' id='line_1_13' title="bbox 61 1279 1074 1366; baseline 0 -21"><span class='ocrx_word' id='word_1_91' title='bbox 61 1280 201 1346; x_wconf 78' lang='lat' dir='ltr'><strong>tectione</strong></span> <span class='ocrx_word' id='word_1_92' title='bbox 223 1285 378 1365; x_wconf 89' lang='lat' dir='ltr'><strong>conperta</strong></span> <span class='ocrx_word' id='word_1_93' title='bbox 400 1279 568 1346; x_wconf 80' lang='lat' dir='ltr'><strong>Craterum</strong></span> <span class='ocrx_word' id='word_1_94' title='bbox 595 1282 740 1347; x_wconf 89' lang='lat' dir='ltr'><strong>obsidere</strong></span> <span class='ocrx_word' id='word_1_95' title='bbox 763 1280 950 1366; x_wconf 79' lang='lat' dir='ltr'><strong>Cyropolim</strong></span> <span class='ocrx_word' id='word_1_96' title='bbox 977 1281 1074 1346; x_wconf 87' lang='lat' dir='ltr'><strong>iubet</strong></span> 
     </span>
     <span class='ocr_line' id='line_1_14' title="bbox 62 1368 1073 1455; baseline 0.002 -23"><span class='ocrx_word' id='word_1_97' title='bbox 62 1368 135 1453; x_wconf 90' lang='lat' dir='ltr'><strong>Ipse</strong></span> <span class='ocrx_word' id='word_1_98' title='bbox 172 1369 270 1434; x_wconf 89' lang='lat' dir='ltr'><strong>aliam</strong></span> <span class='ocrx_word' id='word_1_99' title='bbox 305 1369 417 1434; x_wconf 90' lang='lat' dir='ltr'><strong>urbem</strong></span> <span class='ocrx_word' id='word_1_100' title='bbox 458 1370 599 1455; x_wconf 84' lang='lat' dir='ltr'><strong>regionis</strong></span> <span class='ocrx_word' id='word_1_101' title='bbox 637 1370 780 1435; x_wconf 91' lang='lat' dir='ltr'><strong>eiusdem</strong></span> <span class='ocrx_word' id='word_1_102' title='bbox 817 1392 936 1436; x_wconf 90' lang='lat' dir='ltr'><strong>corona</strong></span> <span class='ocrx_word' id='word_1_103' title='bbox 972 1371 1073 1453; x_wconf 90' lang='lat' dir='ltr'><strong>capit:</strong></span> 
     </span>
     <span class='ocr_line' id='line_1_15' title="bbox 62 1457 1075 1543; baseline 0.001 -22"><span class='ocrx_word' id='word_1_104' title='bbox 62 1459 234 1543; x_wconf 87' lang='lat' dir='ltr'><strong>signoque,</strong></span> <span class='ocrx_word' id='word_1_105' title='bbox 263 1461 302 1522; x_wconf 92' lang='lat' dir='ltr'><strong>ut</strong></span> <span class='ocrx_word' id='word_1_106' title='bbox 327 1457 464 1542; x_wconf 88' lang='lat' dir='ltr'><strong>puberes</strong></span> <span class='ocrx_word' id='word_1_107' title='bbox 491 1457 763 1542; x_wconf 88' lang='lat' dir='ltr'><strong>interficerentur,</strong></span> <span class='ocrx_word' id='word_1_108' title='bbox 794 1459 871 1523; x_wconf 90' lang='lat' dir='ltr'><strong>dato</strong></span> <span class='ocrx_word' id='word_1_109' title='bbox 898 1458 1014 1543; x_wconf 90' lang='lat' dir='ltr'><strong>reliqui</strong></span> <span class='ocrx_word' id='word_1_110' title='bbox 1040 1458 1075 1522; x_wconf 92' lang='lat' dir='ltr'><strong>in</strong></span> 
     </span>
     <span class='ocr_line' id='line_1_16' title="bbox 61 1544 1075 1631; baseline 0 -21"><span class='ocrx_word' id='word_1_111' title='bbox 61 1546 215 1631; x_wconf 87' lang='lat' dir='ltr'><strong>praedam</strong></span> <span class='ocrx_word' id='word_1_112' title='bbox 242 1567 367 1611; x_wconf 88' lang='lat' dir='ltr'><strong>cessere</strong></span> <span class='ocrx_word' id='word_1_113' title='bbox 388 1544 535 1611; x_wconf 78' lang='lat' dir='ltr'><strong>’victoris</strong></span> <span class='ocrx_word' id='word_1_114' title='bbox 579 1545 664 1610; x_wconf 91' lang='lat' dir='ltr'><strong>Urbs</strong></span> <span class='ocrx_word' id='word_1_115' title='bbox 692 1547 800 1611; x_wconf 87' lang='lat' dir='ltr'><strong>diruta</strong></span> <span class='ocrx_word' id='word_1_116' title='bbox 827 1551 890 1629; x_wconf 89' lang='lat' dir='ltr'><strong>est,</strong></span> <span class='ocrx_word' id='word_1_117' title='bbox 917 1550 954 1610; x_wconf 93' lang='lat' dir='ltr'><strong>ut</strong></span> <span class='ocrx_word' id='word_1_118' title='bbox 977 1547 1075 1611; x_wconf 91' lang='lat' dir='ltr'><strong>ceteri</strong></span> 
     </span>
     <span class='ocr_line' id='line_1_17' title="bbox 63 1633 1131 1717; baseline 0 -18"><span class='ocrx_word' id='word_1_119' title='bbox 63 1633 162 1699; x_wconf 87' lang='lat' dir='ltr'><strong>cladis</strong></span> <span class='ocrx_word' id='word_1_120' title='bbox 185 1635 254 1699; x_wconf 90' lang='lat' dir='ltr'><strong>eius</strong></span> <span class='ocrx_word' id='word_1_121' title='bbox 278 1635 426 1717; x_wconf 87' lang='lat' dir='ltr'><strong>exemplo</strong></span> <span class='ocrx_word' id='word_1_122' title='bbox 454 1635 704 1700; x_wconf 86' lang='lat' dir='ltr'><strong>continerentur.</strong></span> <span class='ocrx_word' id='word_1_123' title='bbox 749 1633 940 1716; x_wconf 90' lang='lat' dir='ltr'><strong>Memaceni,</strong></span> <span class='ocrx_word' id='word_1_124' title='bbox 966 1634 1075 1699; x_wconf 90' lang='lat' dir='ltr'><strong>valida</strong></span> <span class='ocrx_word' id='word_1_125' title='bbox 1094 1655 1131 1704; x_wconf 72' lang='grc' dir='ltr'><strong>ιτ</strong></span> 
     </span>
     <span class='ocr_line' id='line_1_18' title="bbox 62 1722 1074 1808; baseline 0 -22"><span class='ocrx_word' id='word_1_126' title='bbox 62 1743 157 1808; x_wconf 85' lang='lat' dir='ltr'><strong>gens,</strong></span> <span class='ocrx_word' id='word_1_127' title='bbox 176 1722 376 1788; x_wconf 88' lang='lat' dir='ltr'><strong>obsidionem</strong></span> <span class='ocrx_word' id='word_1_128' title='bbox 394 1744 460 1788; x_wconf 93' lang='lat' dir='ltr'><strong>non</strong></span> <span class='ocrx_word' id='word_1_129' title='bbox 478 1727 515 1787; x_wconf 91' lang='lat' dir='ltr'><strong>ut</strong></span> <span class='ocrx_word' id='word_1_130' title='bbox 533 1723 752 1788; x_wconf 88' lang='lat' dir='ltr'><strong>honestiorem</strong></span> <span class='ocrx_word' id='word_1_131' title='bbox 770 1723 880 1805; x_wconf 85' lang='lat' dir='ltr'><strong>modo,</strong></span> <span class='ocrx_word' id='word_1_132' title='bbox 902 1722 957 1786; x_wconf 86' lang='lat' dir='ltr'><strong>sed</strong></span> <span class='ocrx_word' id='word_1_133' title='bbox 977 1723 1074 1786; x_wconf 90' lang='lat' dir='ltr'><strong>etiam</strong></span> 
     </span>
     <span class='ocr_line' id='line_1_19' title="bbox 61 1810 1074 1894; baseline -0.001 -20"><span class='ocrx_word' id='word_1_134' title='bbox 61 1816 99 1874; x_wconf 92' lang='lat' dir='ltr'><strong>ut</strong></span> <span class='ocrx_word' id='word_1_135' title='bbox 116 1811 271 1876; x_wconf 88' lang='lat' dir='ltr'><strong>tutiorem</strong></span> <span class='ocrx_word' id='word_1_136' title='bbox 288 1810 373 1875; x_wconf 83' lang='lat' dir='ltr'><strong>ferre</strong></span> <span class='ocrx_word' id='word_1_137' title='bbox 391 1811 605 1876; x_wconf 90' lang='lat' dir='ltr'><strong>decreverant.</strong></span> <span class='ocrx_word' id='word_1_138' title='bbox 636 1810 688 1873; x_wconf 89' lang='lat' dir='ltr'><strong>Ad</strong></span> <span class='ocrx_word' id='word_1_139' title='bbox 707 1832 843 1894; x_wconf 92' lang='lat' dir='ltr'><strong>quorum</strong></span> <span class='ocrx_word' id='word_1_140' title='bbox 861 1811 1074 1894; x_wconf 89' lang='lat' dir='ltr'><strong>pertinaciam</strong></span> 
     </span>
     <span class='ocr_line' id='line_1_20' title="bbox 61 1898 1074 1984; baseline -0.001 -21"><span class='ocrx_word' id='word_1_141' title='bbox 61 1898 278 1984; x_wconf 90' lang='lat' dir='ltr'><strong>mitigandam</strong></span> <span class='ocrx_word' id='word_1_142' title='bbox 301 1920 357 1964; x_wconf 88' lang='lat' dir='ltr'><strong>rex</strong></span> <span class='ocrx_word' id='word_1_143' title='bbox 380 1915 402 1963; x_wconf 82' lang='lat' dir='ltr'><strong>n</strong></span> <span class='ocrx_word' id='word_1_144' title='bbox 426 1899 550 1983; x_wconf 89' lang='lat' dir='ltr'><strong>equites</strong></span> <span class='ocrx_word' id='word_1_145' title='bbox 578 1898 759 1982; x_wconf 86' lang='lat' dir='ltr'><strong>praemisit,</strong></span> <span class='ocrx_word' id='word_1_146' title='bbox 787 1898 843 1982; x_wconf 93' lang='lat' dir='ltr'><strong>qui</strong></span> <span class='ocrx_word' id='word_1_147' title='bbox 872 1899 1074 1962; x_wconf 89' lang='lat' dir='ltr'><strong>clementiam</strong></span> 
     </span>
     <span class='ocr_line' id='line_1_21' title="bbox 61 1985 1075 2071; baseline -0.002 -19"><span class='ocrx_word' id='word_1_148' title='bbox 61 1988 165 2071; x_wconf 90' lang='lat' dir='ltr'><strong>ipsius</strong></span> <span class='ocrx_word' id='word_1_149' title='bbox 197 1987 232 2051; x_wconf 90' lang='lat' dir='ltr'><strong>in</strong></span> <span class='ocrx_word' id='word_1_150' title='bbox 264 1986 390 2052; x_wconf 91' lang='lat' dir='ltr'><strong>deditos</strong></span> <span class='ocrx_word' id='word_1_151' title='bbox 423 1988 583 2071; x_wconf 89' lang='lat' dir='ltr'><strong>simulque</strong></span> <span class='ocrx_word' id='word_1_152' title='bbox 610 1985 842 2051; x_wconf 88' lang='lat' dir='ltr'><strong>inexorabilem</strong></span> <span class='ocrx_word' id='word_1_153' title='bbox 870 1987 1013 2050; x_wconf 91' lang='lat' dir='ltr'><strong>animum</strong></span> <span class='ocrx_word' id='word_1_154' title='bbox 1040 1987 1075 2050; x_wconf 92' lang='lat' dir='ltr'><strong>in</strong></span> 
     </span>
     <span class='ocr_line' id='line_1_22' title="bbox 61 2074 1132 2157; baseline 0.005 -18"><span class='ocrx_word' id='word_1_155' title='bbox 61 2075 208 2140; x_wconf 89' lang='lat' dir='ltr'><strong>devictos</strong></span> <span class='ocrx_word' id='word_1_156' title='bbox 231 2075 445 2140; x_wconf 90' lang='lat' dir='ltr'><strong>ostenderent.</strong></span> <span class='ocrx_word' id='word_1_157' title='bbox 484 2075 538 2139; x_wconf 92' lang='lat' dir='ltr'><strong>Illi</strong></span> <span class='ocrx_word' id='word_1_158' title='bbox 556 2096 614 2139; x_wconf 90' lang='lat' dir='ltr'><strong>nec</strong></span> <span class='ocrx_word' id='word_1_159' title='bbox 637 2074 676 2138; x_wconf 90' lang='lat' dir='ltr'><strong>de</strong></span> <span class='ocrx_word' id='word_1_160' title='bbox 699 2074 761 2138; x_wconf 91' lang='lat' dir='ltr'><strong>fide</strong></span> <span class='ocrx_word' id='word_1_161' title='bbox 784 2094 842 2138; x_wconf 90' lang='lat' dir='ltr'><strong>nec</strong></span> <span class='ocrx_word' id='word_1_162' title='bbox 865 2074 905 2138; x_wconf 90' lang='lat' dir='ltr'><strong>de</strong></span> <span class='ocrx_word' id='word_1_163' title='bbox 927 2075 1132 2157; x_wconf 76' lang='lat' dir='ltr'><strong>potentiale</strong></span> 
     </span>
     <span class='ocr_line' id='line_1_23' title="bbox 61 2162 1074 2248; baseline 0.001 -21"><span class='ocrx_word' id='word_1_164' title='bbox 61 2163 149 2248; x_wconf 85' lang='lat' dir='ltr'><strong>regis</strong></span> <span class='ocrx_word' id='word_1_165' title='bbox 184 2163 273 2246; x_wconf 91' lang='lat' dir='ltr'><strong>ipsos</strong></span> <span class='ocrx_word' id='word_1_166' title='bbox 310 2163 459 2227; x_wconf 88' lang='lat' dir='ltr'><strong>dubitare</strong></span> <span class='ocrx_word' id='word_1_167' title='bbox 493 2162 691 2247; x_wconf 89' lang='lat' dir='ltr'><strong>respondent</strong></span> <span class='ocrx_word' id='word_1_168' title='bbox 722 2163 909 2246; x_wconf 90' lang='lat' dir='ltr'><strong>equitesque</strong></span> <span class='ocrx_word' id='word_1_169' title='bbox 943 2164 1074 2228; x_wconf 88' lang='lat' dir='ltr'><strong>tendere</strong></span> 
     </span>
     <span class='ocr_line' id='line_1_24' title="bbox 61 2251 1073 2334; baseline 0.001 -19"><span class='ocrx_word' id='word_1_170' title='bbox 61 2255 154 2316; x_wconf 88' lang='lat' dir='ltr'><strong>extra</strong></span> <span class='ocrx_word' id='word_1_171' title='bbox 191 2253 394 2317; x_wconf 90' lang='lat' dir='ltr'><strong>munimenta</strong></span> <span class='ocrx_word' id='word_1_172' title='bbox 429 2252 518 2316; x_wconf 88' lang='lat' dir='ltr'><strong>urbis</strong></span> <span class='ocrx_word' id='word_1_173' title='bbox 551 2251 680 2316; x_wconf 91' lang='lat' dir='ltr'><strong>iubent:</strong></span> <span class='ocrx_word' id='word_1_174' title='bbox 717 2251 924 2334; x_wconf 86' lang='lat' dir='ltr'><strong>hospitaliter</strong></span> <span class='ocrx_word' id='word_1_175' title='bbox 959 2251 1073 2316; x_wconf 90' lang='lat' dir='ltr'><strong>deinde</strong></span> 
     </span>
     <span class='ocr_line' id='line_1_25' title="bbox 61 2339 1073 2425; baseline 0 -21"><span class='ocrx_word' id='word_1_176' title='bbox 61 2349 213 2423; x_wconf 86' lang='lat' dir='ltr'><strong>exceptos</strong></span> <span class='ocrx_word' id='word_1_177' title='bbox 236 2359 413 2425; x_wconf 89' lang='lat' dir='ltr'><strong>gravesque</strong></span> <span class='ocrx_word' id='word_1_178' title='bbox 435 2339 540 2423; x_wconf 92' lang='lat' dir='ltr'><strong>epulis</strong></span> <span class='ocrx_word' id='word_1_179' title='bbox 563 2343 596 2404; x_wconf 89' lang='lat' dir='ltr'><strong>et</strong></span> <span class='ocrx_word' id='word_1_180' title='bbox 619 2360 733 2404; x_wconf 86' lang='lat' dir='ltr'><strong>somno</strong></span> <span class='ocrx_word' id='word_1_181' title='bbox 760 2339 956 2422; x_wconf 90' lang='lat' dir='ltr'><strong>intempesta</strong></span> <span class='ocrx_word' id='word_1_182' title='bbox 977 2344 1073 2405; x_wconf 91' lang='lat' dir='ltr'><strong>nocte</strong></span> 
     </span>
     <span class='ocr_line' id='line_1_26' title="bbox 61 2426 1132 2510; baseline 0.003 -17"><span class='ocrx_word' id='word_1_183' title='bbox 61 2427 169 2493; x_wconf 90' lang='lat' dir='ltr'><strong>adorti</strong></span> <span class='ocrx_word' id='word_1_184' title='bbox 204 2428 443 2492; x_wconf 85' lang='lat' dir='ltr'><strong>interfecerunt.</strong></span> <span class='ocrx_word' id='word_1_185' title='bbox 497 2426 681 2492; x_wconf 88' lang='lat' dir='ltr'><strong>Alexander</strong></span> <span class='ocrx_word' id='word_1_186' title='bbox 715 2427 803 2492; x_wconf 89' lang='lat' dir='ltr'><strong>haud</strong></span> <span class='ocrx_word' id='word_1_187' title='bbox 834 2449 939 2510; x_wconf 88' lang='lat' dir='ltr'><strong>secus,</strong></span> <span class='ocrx_word' id='word_1_188' title='bbox 976 2449 1073 2510; x_wconf 90' lang='lat' dir='ltr'><strong>quam</strong></span> <span class='ocrx_word' id='word_1_189' title='bbox 1094 2448 1132 2496; x_wconf 79' lang='lat' dir='ltr'><strong>re</strong></span> 
     </span>
     <span class='ocr_line' id='line_1_27' title="bbox 59 2515 1074 2601; baseline -0.001 -21"><span class='ocrx_word' id='word_1_190' title='bbox 59 2538 120 2600; x_wconf 89' lang='lat' dir='ltr'><strong>par</strong></span> <span class='ocrx_word' id='word_1_191' title='bbox 138 2519 220 2601; x_wconf 88' lang='lat' dir='ltr'><strong>erat,</strong></span> <span class='ocrx_word' id='word_1_192' title='bbox 237 2521 344 2581; x_wconf 89' lang='lat' dir='ltr'><strong>motus</strong></span> <span class='ocrx_word' id='word_1_193' title='bbox 362 2516 476 2580; x_wconf 89' lang='lat' dir='ltr'><strong>urbem</strong></span> <span class='ocrx_word' id='word_1_194' title='bbox 495 2537 614 2582; x_wconf 86' lang='lat' dir='ltr'><strong>corona</strong></span> <span class='ocrx_word' id='word_1_195' title='bbox 628 2515 838 2581; x_wconf 87' lang='lat' dir='ltr'><strong>circumdedit</strong></span> <span class='ocrx_word' id='word_1_196' title='bbox 857 2515 1074 2599; x_wconf 88' lang='lat' dir='ltr'><strong>munitiorem,</strong></span> 
     </span>
     <span class='ocr_line' id='line_1_28' title="bbox 60 2603 1073 2688; baseline -0.002 -19"><span class='ocrx_word' id='word_1_197' title='bbox 60 2626 159 2688; x_wconf 87' lang='lat' dir='ltr'><strong>quam</strong></span> <span class='ocrx_word' id='word_1_198' title='bbox 177 2609 215 2669; x_wconf 91' lang='lat' dir='ltr'><strong>ut</strong></span> <span class='ocrx_word' id='word_1_199' title='bbox 232 2605 337 2688; x_wconf 89' lang='lat' dir='ltr'><strong>primo</strong></span> <span class='ocrx_word' id='word_1_200' title='bbox 356 2604 481 2687; x_wconf 89' lang='lat' dir='ltr'><strong>impetu</strong></span> <span class='ocrx_word' id='word_1_201' title='bbox 499 2605 571 2688; x_wconf 89' lang='lat' dir='ltr'><strong>capi</strong></span> <span class='ocrx_word' id='word_1_202' title='bbox 588 2607 708 2687; x_wconf 88' lang='lat' dir='ltr'><strong>posset.</strong></span> <span class='ocrx_word' id='word_1_203' title='bbox 740 2603 855 2687; x_wconf 90' lang='lat' dir='ltr'><strong>Itaque</strong></span> <span class='ocrx_word' id='word_1_204' title='bbox 874 2603 1073 2688; x_wconf 87' lang='lat' dir='ltr'><strong>Meleagrum</strong></span> 
     </span>
     <span class='ocr_line' id='line_1_29' title="bbox 60 2691 1074 2776; baseline -0.004 -18"><span class='ocrx_word' id='word_1_205' title='bbox 60 2697 93 2758; x_wconf 91' lang='lat' dir='ltr'><strong>et</strong></span> <span class='ocrx_word' id='word_1_206' title='bbox 115 2691 304 2757; x_wconf 88' lang='lat' dir='ltr'><strong>Perdiccam</strong></span> <span class='ocrx_word' id='word_1_207' title='bbox 326 2693 362 2757; x_wconf 91' lang='lat' dir='ltr'><strong>in</strong></span> <span class='ocrx_word' id='word_1_208' title='bbox 384 2692 551 2757; x_wconf 90' lang='lat' dir='ltr'><strong>obsidione</strong></span> <span class='ocrx_word' id='word_1_209' title='bbox 574 2691 737 2776; x_wconf 85' lang='lat' dir='ltr'><strong>relinquit</strong></span> <span class='ocrx_word' id='word_1_210' title='bbox 777 2691 849 2772; x_wconf 83' lang='lat' dir='ltr'><strong>Ipse</strong></span> <span class='ocrx_word' id='word_1_211' title='bbox 865 2691 1074 2774; x_wconf 73' lang='lat' dir='ltr'><strong>proficiscitur</strong></span> 
     </span>
     <span class='ocr_line' id='line_1_30' title="bbox 58 2778 1072 2865; baseline -0.003 -19"><span class='ocrx_word' id='word_1_212' title='bbox 58 2782 102 2846; x_wconf 79' lang='lat' dir='ltr'><strong>od</strong></span> <span class='ocrx_word' id='word_1_213' title='bbox 123 2778 285 2848; x_wconf 69' lang='lat' dir='ltr'><strong>Cratcrm</strong></span> <span class='ocrx_word' id='word_1_214' title='bbox 308 2778 510 2865; x_wconf 73' lang='lat' dir='ltr'><strong>Cyropolim,</strong></span> <span class='ocrx_word' id='word_1_215' title='bbox 532 2784 571 2844; x_wconf 90' lang='lat' dir='ltr'><strong>ut</strong></span> <span class='ocrx_word' id='word_1_216' title='bbox 594 2783 669 2844; x_wconf 89' lang='lat' dir='ltr'><strong>aute</strong></span> <span class='ocrx_word' id='word_1_217' title='bbox 692 2779 814 2844; x_wconf 89' lang='lat' dir='ltr'><strong>dictum</strong></span> <span class='ocrx_word' id='word_1_218' title='bbox 838 2783 901 2862; x_wconf 91' lang='lat' dir='ltr'><strong>est,</strong></span> <span class='ocrx_word' id='word_1_219' title='bbox 923 2778 1072 2844; x_wconf 87' lang='lat' dir='ltr'><strong>obsiden-</strong></span> 
     </span>
     <span class='ocr_line' id='line_1_31' title="bbox 59 2865 1130 2954; baseline 0.002 -19"><span class='ocrx_word' id='word_1_220' title='bbox 59 2874 136 2935; x_wconf 83' lang='lat' dir='ltr'><strong>tem.</strong></span> <span class='ocrx_word' id='word_1_221' title='bbox 183 2866 349 2935; x_wconf 82' lang='lat' dir='ltr'><strong>Statuerat</strong></span> <span class='ocrx_word' id='word_1_222' title='bbox 372 2873 480 2934; x_wconf 88' lang='lat' dir='ltr'><strong>autem</strong></span> <span class='ocrx_word' id='word_1_223' title='bbox 502 2890 633 2954; x_wconf 87' lang='lat' dir='ltr'><strong>parcere</strong></span> <span class='ocrx_word' id='word_1_224' title='bbox 661 2868 735 2932; x_wconf 90' lang='lat' dir='ltr'><strong>urbi</strong></span> <span class='ocrx_word' id='word_1_225' title='bbox 758 2867 906 2932; x_wconf 90' lang='lat' dir='ltr'><strong>conditae</strong></span> <span class='ocrx_word' id='word_1_226' title='bbox 931 2889 950 2930; x_wconf 89' lang='lat' dir='ltr'><strong>a</strong></span> <span class='ocrx_word' id='word_1_227' title='bbox 973 2865 1071 2951; x_wconf 84' lang='lat' dir='ltr'><strong>Cyro:</strong></span> <span class='ocrx_word' id='word_1_228' title='bbox 1091 2888 1130 2936; x_wconf 78' lang='lat' dir='ltr'><strong>no</strong></span> 
     </span>
     <span class='ocr_line' id='line_1_32' title="bbox 58 2955 1073 3041; baseline -0.002 -18"><span class='ocrx_word' id='word_1_229' title='bbox 58 2957 179 3041; x_wconf 88' lang='lat' dir='ltr'><strong>quippe</strong></span> <span class='ocrx_word' id='word_1_230' title='bbox 206 2978 272 3023; x_wconf 91' lang='lat' dir='ltr'><strong>non</strong></span> <span class='ocrx_word' id='word_1_231' title='bbox 299 2957 400 3022; x_wconf 88' lang='lat' dir='ltr'><strong>alium</strong></span> <span class='ocrx_word' id='word_1_232' title='bbox 429 2958 575 3040; x_wconf 88' lang='lat' dir='ltr'><strong>gentium</strong></span> <span class='ocrx_word' id='word_1_233' title='bbox 601 2957 733 3022; x_wconf 90' lang='lat' dir='ltr'><strong>illarum</strong></span> <span class='ocrx_word' id='word_1_234' title='bbox 760 2956 865 3038; x_wconf 88' lang='lat' dir='ltr'><strong>magis</strong></span> <span class='ocrx_word' id='word_1_235' title='bbox 895 2955 1073 3021; x_wconf 88' lang='lat' dir='ltr'><strong>admiratus</strong></span> 
     </span>
     <span class='ocr_line' id='line_1_33' title="bbox 59 3044 1072 3130; baseline -0.003 -20"><span class='ocrx_word' id='word_1_236' title='bbox 59 3049 123 3129; x_wconf 89' lang='lat' dir='ltr'><strong>est,</strong></span> <span class='ocrx_word' id='word_1_237' title='bbox 147 3066 246 3129; x_wconf 89' lang='lat' dir='ltr'><strong>quam</strong></span> <span class='ocrx_word' id='word_1_238' title='bbox 268 3045 354 3110; x_wconf 91' lang='lat' dir='ltr'><strong>hunc</strong></span> <span class='ocrx_word' id='word_1_239' title='bbox 375 3066 486 3130; x_wconf 90' lang='lat' dir='ltr'><strong>regem</strong></span> <span class='ocrx_word' id='word_1_240' title='bbox 509 3048 543 3109; x_wconf 89' lang='lat' dir='ltr'><strong>et</strong></span> <span class='ocrx_word' id='word_1_241' title='bbox 562 3044 769 3126; x_wconf 85' lang='lat' dir='ltr'><strong>Samiramin,</strong></span> <span class='ocrx_word' id='word_1_242' title='bbox 795 3064 875 3126; x_wconf 90' lang='lat' dir='ltr'><strong>quos</strong></span> <span class='ocrx_word' id='word_1_243' title='bbox 895 3048 928 3109; x_wconf 89' lang='lat' dir='ltr'><strong>et</strong></span> <span class='ocrx_word' id='word_1_244' title='bbox 950 3045 1072 3129; x_wconf 88' lang='lat' dir='ltr'><strong>magni-</strong></span> 
     </span>
     <span class='ocr_line' id='line_1_34' title="bbox 57 3132 1072 3215; baseline 0 -17"><span class='ocrx_word' id='word_1_245' title='bbox 57 3133 172 3199; x_wconf 89' lang='lat' dir='ltr'><strong>tudine</strong></span> <span class='ocrx_word' id='word_1_246' title='bbox 195 3134 297 3198; x_wconf 87' lang='lat' dir='ltr'><strong>animi</strong></span> <span class='ocrx_word' id='word_1_247' title='bbox 320 3137 354 3198; x_wconf 89' lang='lat' dir='ltr'><strong>et</strong></span> <span class='ocrx_word' id='word_1_248' title='bbox 376 3134 526 3199; x_wconf 88' lang='lat' dir='ltr'><strong>claritate</strong></span> <span class='ocrx_word' id='word_1_249' title='bbox 553 3154 661 3199; x_wconf 90' lang='lat' dir='ltr'><strong>rerum</strong></span> <span class='ocrx_word' id='word_1_250' title='bbox 688 3133 786 3215; x_wconf 87' lang='lat' dir='ltr'><strong>longe</strong></span> <span class='ocrx_word' id='word_1_251' title='bbox 813 3132 984 3198; x_wconf 88' lang='lat' dir='ltr'><strong>emicuisse</strong></span> <span class='ocrx_word' id='word_1_252' title='bbox 1007 3154 1072 3198; x_wconf 89' lang='lat' dir='ltr'><strong>cre-</strong></span> 
     </span>
     <span class='ocr_line' id='line_1_35' title="bbox 58 3218 1125 3305; baseline 0.002 -18"><span class='ocrx_word' id='word_1_253' title='bbox 58 3221 165 3289; x_wconf 89' lang='lat' dir='ltr'><strong>debat.</strong></span> <span class='ocrx_word' id='word_1_254' title='bbox 224 3218 377 3287; x_wconf 86' lang='lat' dir='ltr'><strong>Ceterum</strong></span> <span class='ocrx_word' id='word_1_255' title='bbox 408 3221 587 3305; x_wconf 84' lang='lat' dir='ltr'><strong>pertinacia</strong></span> <span class='ocrx_word' id='word_1_256' title='bbox 619 3221 855 3304; x_wconf 88' lang='lat' dir='ltr'><strong>oppidanorum</strong></span> <span class='ocrx_word' id='word_1_257' title='bbox 887 3222 970 3286; x_wconf 90' lang='lat' dir='ltr'><strong>iram</strong></span> <span class='ocrx_word' id='word_1_258' title='bbox 1003 3222 1071 3286; x_wconf 91' lang='lat' dir='ltr'><strong>eius</strong></span> <span class='ocrx_word' id='word_1_259' title='bbox 1091 3241 1125 3289; x_wconf 84' lang='lat' dir='ltr'><strong>ar</strong></span> 
     </span>
     <span class='ocr_line' id='line_1_36' title="bbox 59 3308 1072 3394; baseline -0.002 -18"><span class='ocrx_word' id='word_1_260' title='bbox 59 3310 215 3376; x_wconf 89' lang='lat' dir='ltr'><strong>accendit.</strong></span> <span class='ocrx_word' id='word_1_261' title='bbox 259 3309 372 3394; x_wconf 86' lang='lat' dir='ltr'><strong>Itaque</strong></span> <span class='ocrx_word' id='word_1_262' title='bbox 396 3313 524 3392; x_wconf 88' lang='lat' dir='ltr'><strong>captam</strong></span> <span class='ocrx_word' id='word_1_263' title='bbox 546 3310 661 3374; x_wconf 88' lang='lat' dir='ltr'><strong>urbem</strong></span> <span class='ocrx_word' id='word_1_264' title='bbox 684 3308 782 3392; x_wconf 88' lang='lat' dir='ltr'><strong>diripi</strong></span> <span class='ocrx_word' id='word_1_265' title='bbox 804 3308 908 3373; x_wconf 88' lang='lat' dir='ltr'><strong>iussit.</strong></span> <span class='ocrx_word' id='word_1_266' title='bbox 954 3308 1072 3375; x_wconf 90' lang='lat' dir='ltr'><strong>Deleta</strong></span> 
     </span>
     <span class='ocr_line' id='line_1_37' title="bbox 59 3395 1071 3482; baseline -0.002 -18"><span class='ocrx_word' id='word_1_267' title='bbox 59 3419 96 3464; x_wconf 89' lang='lat' dir='ltr'><strong>ea</strong></span> <span class='ocrx_word' id='word_1_268' title='bbox 118 3396 315 3465; x_wconf 85' lang='lat' dir='ltr'><strong>Memacenis</strong></span> <span class='ocrx_word' id='word_1_269' title='bbox 338 3397 425 3464; x_wconf 89' lang='lat' dir='ltr'><strong>haud</strong></span> <span class='ocrx_word' id='word_1_270' title='bbox 446 3397 566 3462; x_wconf 90' lang='lat' dir='ltr'><strong>iniuria</strong></span> <span class='ocrx_word' id='word_1_271' title='bbox 588 3397 724 3463; x_wconf 79' lang='lat' dir='ltr'><strong>infestus</strong></span> <span class='ocrx_word' id='word_1_272' title='bbox 748 3396 789 3462; x_wconf 88' lang='lat' dir='ltr'><strong>ad</strong></span> <span class='ocrx_word' id='word_1_273' title='bbox 811 3395 1014 3482; x_wconf 87' lang='lat' dir='ltr'><strong>Meleagrum</strong></span> <span class='ocrx_word' id='word_1_274' title='bbox 1038 3403 1071 3462; x_wconf 91' lang='lat' dir='ltr'><strong>et</strong></span> 
     </span>
     <span class='ocr_line' id='line_1_38' title="bbox 56 3484 1140 3553; baseline -0.009 -2"><span class='ocrx_word' id='word_1_275' title='bbox 56 3485 245 3553; x_wconf 87' lang='lat' dir='ltr'><strong>Perdiccam</strong></span> <span class='ocrx_word' id='word_1_276' title='bbox 262 3486 353 3551; x_wconf 90' lang='lat' dir='ltr'><strong>redit.</strong></span> <span class='ocrx_word' id='word_1_277' title='bbox 389 3484 452 3552; x_wconf 85' lang='lat' dir='ltr'><strong>Sed</strong></span> <span class='ocrx_word' id='word_1_278' title='bbox 470 3507 537 3550; x_wconf 90' lang='lat' dir='ltr'><strong>non</strong></span> <span class='ocrx_word' id='word_1_279' title='bbox 554 3486 621 3550; x_wconf 86' lang='lat' dir='ltr'><strong>elia</strong></span> <span class='ocrx_word' id='word_1_280' title='bbox 639 3485 717 3550; x_wconf 89' lang='lat' dir='ltr'><strong>urbs</strong></span> <span class='ocrx_word' id='word_1_281' title='bbox 734 3485 857 3551; x_wconf 84' lang='lat' dir='ltr'><strong>fortius</strong></span> <span class='ocrx_word' id='word_1_282' title='bbox 868 3487 1084 3548; x_wconf 66' lang='lat' dir='ltr'><strong>obsidionem</strong></span> <span class='ocrx_word' id='word_1_283' title='bbox 1093 3504 1140 3542; x_wconf 68' lang='lat' dir='ltr'><strong>&lt;aa</strong></span> 
     </span>
    </p>
   </div>
   <div class='ocr_carea' id='block_1_3' title="bbox 56 3565 1113 3664">
    <p class='ocr_par' dir='ltr' id='par_1_4' title="bbox 56 3565 1113 3664">
     <span class='ocr_line' id='line_1_39' title="bbox 56 3565 1113 3664; baseline -0.019 -24"><span class='ocrx_word' id='word_1_284' title='bbox 56 3574 148 3641; x_wconf 81' lang='lat' dir='ltr'><strong>tulit.-</strong></span> <span class='ocrx_word' id='word_1_285' title='bbox 170 3575 288 3660; x_wconf 83' lang='lat' dir='ltr'><strong>quippe</strong></span> <span class='ocrx_word' id='word_1_286' title='bbox 306 3579 340 3642; x_wconf 87' lang='lat' dir='ltr'><strong>et</strong></span> <span class='ocrx_word' id='word_1_287' title='bbox 360 3575 506 3643; x_wconf 88' lang='lat' dir='ltr'><strong>militum</strong></span> <span class='ocrx_word' id='word_1_288' title='bbox 529 3574 782 3664; x_wconf 72' lang='lat' dir='ltr'><strong>promptissima</strong></span> <span class='ocrx_word' id='word_1_289' title='bbox 800 3569 955 3638; x_wconf 69' lang='lat' dir='ltr'><strong>cedidere</strong></span> <span class='ocrx_word' id='word_1_290' title='bbox 974 3570 1016 3624; x_wconf 62' lang='lat' dir='ltr'><strong>ex</strong></span> <span class='ocrx_word' id='word_1_291' title='bbox 1026 3565 1113 3634; x_wconf 53' lang='lat' dir='ltr'><strong>&#39;apae</strong></span> 
     </span>
    </p>
   </div>
   <div class='ocr_carea' id='block_1_4' title="bbox 0 0 1182 3846">
    <p class='ocr_par' dir='ltr' id='par_1_5' title="bbox 0 0 1182 3846">
     <span class='ocr_line' id='line_1_40' title="bbox 0 0 1182 3846; baseline 0 2"><span class='ocrx_word' id='word_1_292' title='bbox 0 0 1182 3846; x_wconf 95' lang='lat' dir='ltr'><strong> </strong></span> 
     </span>
    </p>
   </div>
  </div>
 </body>
</html>
