2356 3846
245 139 499 196 HISTORIARUM
517 140 731 196 ALEXANDRI
750 141 798 212 Vl,
818 147 859 197 11.
1005 141 1067 204 147

57 283 209 367 gentibus
229 284 351 368 deinde,
369 288 406 348 ut
420 284 565 348 ordinem
584 284 721 366 cogitati
741 284 870 349 sceleris
886 290 1069 369 exponeret,

61 393 135 438 cum
158 371 214 436 diu
235 371 357 438 Bactra
378 376 543 436 retentura
565 393 675 457 regern
697 372 894 454 viderentur,
920 374 1069 438 timuisse

56 458 240 544 respondit,
266 483 306 525 nc
329 464 423 543 pater
444 479 516 525 Lxx
539 463 636 524 natus
661 482 775 539 33333,
804 462 887 525 tanti
910 462 1068 526 exercitus

56 549 121 613 dux
136 551 285 632 [tantus],
297 553 409 614 tantae
422 549 577 632 pecuniae
591 551 710 631 custos,
723 549 855 613 interim
869 551 1070 650 extinguere-

56 638 139 702 333
129 637 257 721 ipsique
275 637 416 719 spoliato
431 637 513 702 tant'
505 658 532 700 rs
490 637 668 701 tviribus
688 637 853 702 occidendi
871 639 957 722 regis
973 660 1070 703 causa

56 747 123 790 non
143 728 236 790 esset.
213 724 452 791 tFestinasse
471 745 548 810 ergo
568 746 611 807 33,
630 725 705 789 dum
723 726 903 826 praemium
916 727 951 791 in
969 727 1069 792 mani·

56 815 118 878 bus
137 813 272 879 haberet
272 817 540 916 ,repracsentare
559 813 744 878 consilium:
768 814 858 879 cuius
876 818 1003 897 patrem
1020 835 1069 880 33
1088 825 1122 874 33

53 907 171 984 perlem
112 902 288 967 tfuisse
306 902 371 966 nisi
395 901 568 986 crederent,
590 905 762 982 tormenta,
786 924 981 986 quamquam
1004 905 1069 967 iarn

57 991 198 1056 tolerare
229 1011 295 1057 non
326 993 451 1074 posset,
481 951 592 1054 333333
618 1012 683 1055 non
710 1011 867 1055 recusare.
915 991 969 1055 Illi
996 1013 1070 1055 con·
1088 1001 1123 1051 34

56 1079 160 1144 133331
193 1079 272 1143 satis
304 1079 487 1162 quaesitum
518 1078 622 1142 videri
650 1079 689 1143 ad
718 1098 829 1161 regem
857 1082 1070 1144 revertuntur.

10 1171 47 1234 14
58 1166 121 1242 Qui
144 1171 274 1251 postero
298 1167 349 1231 die
372 1170 419 1250 33,
446 1187 528 1251 quae
551 1165 716 1231 confessus
740 1171 811 1231 erat
833 1167 994 1250 Philotas,
1021 1188 1069 1231 re·

57 1255 155 1320 citari
182 1258 215 1319 ct
241 1255 361 1339 ipsum,
389 1255 465 1338 quia
493 1254 619 1339 ingredi
645 1276 711 1320 non
733 1259 874 1339 poterat,
897 1256 994 1320 iussit
1017 1255 1070 1319 ad·

55 1342 145 1408 ferri.
191 1341 308 1408 Omnia
331 1343 548 1426 adgnoscente
571 1363 609 1406 eo
632 1341 830 1422 Demetrius,
854 1344 909 1427 qui
930 1344 1069 1427 proximi
1088 1354 1123 1405 35

57 1431 190 1496 sceleris
213 1432 377 1515 particeps
401 1451 472 1495 csse
495 1431 701 1515 arguebatur,
723 1431 921 1514 producitur.
965 1431 1071 1497 Multa

57 1519 285 1585 adfirmatione
323 1519 486 1602 animique
521 1519 644 1601 pariter
679 1521 864 1583 constantia
896 1523 929 1584 et
961 1522 1070 1585 vultus

58 1609 214 1690 abnuens,
238 1607 410 1691 quicquam
434 1605 497 1671 sibi
520 1607 556 1669 in
574 1627 684 1690 regern
704 1608 884 1690 cogitatum
903 1630 982 1690 esse,
1004 1613 1070 1674 tor-

56 1700 170 1761 menta
190 1695 288 1761 etiarn
307 1694 502 1778 deposcebat
520 1694 555 1759 in
574 1695 797 1778 semetipsum:
821 1717 893 1761 cum
911 1695 1069 1779 Philotas,
1089 1708 1123 1759 33

57 1784 257 1850 circumlatis
280 1783 382 1848 oculis
405 1788 443 1847 ut
465 1782 605 1847 incidere
628 1782 663 1845 in
682 1781 777 1846 Calin
801 1783 960 1867 quendam
983 1784 1070 1849 haud

56 1873 172 1957 procul
192 1876 341 1956 stantem,
364 1870 496 1955 propius
515 1892 588 1935 eum
606 1870 703 1934 iussit
722 1871 882 1936 accedere.
917 1872 980 1936 Illo
999 1893 1070 1955 per-

56 1962 191 2026 turbato
209 1964 242 2025 33
259 1962 429 2025 recusante
447 1958 586 2023 transire
606 1959 645 2022 ad
665 1980 747 2043 eum,
766 1957 840 2023 ‘Pat
825 1959 938 2041 ticris’,
957 1960 1071 2044 inquit,

58 2048 273 2114 Demetrium
296 2048 426 2112 mentiri
448 2068 623 2130 rursusque
646 2068 697 2111 me
721 2047 932 2112 excruciari?
974 2047 1070 2113 Calin
1088 2060 1123 2110 33

56 2159 122 2204 vox
141 2138 335 2239 sanguisque
355 2135 540 2201 defecerant
563 2139 596 2199 et
613 2133 805 2201 Macedones
828 2135 940 2201 Philot
926 2141 983 2201 tan
1006 2138 1072 2202 iam

42 2225 269 2310 =inquinare
259 2224 408 2290 innoxios
441 2224 522 2288 velle
556 2223 817 2307 suspicabantur,
852 2224 929 2307 quia
959 2247 1019 2289 nec
1052 2247 1071 2289 3

56 2312 259 2380 Nicomacho
272 2335 332 2378 nec
348 2312 414 2376 ab
403 2333 476 2397 ipso
490 2310 631 2395 Philota,
651 2333 724 2375 cum
738 2315 953 2396 torqueretur,
970 2314 1072 2386 nomi-

57 2407 156 2467 natus
174 2405 261 2467 essct
279 2401 481 2465 adulescens:
499 2399 555 2501 qui
573 2401 611 2464 33
628 2400 810 2482 praefectos
829 2401 916 2484 regis
937 2401 1070 2466 circum-

57 2493 185 2556 stantes
204 2512 239 2555 33
256 2490 348 2573 vidit,
370 2487 574 2552 Demetrium
602 2490 635 2552 33
657 2488 865 2572 semetipsum
889 2489 923 2552 id
945 2489 1070 2554 facinus

57 2579 221 2664 cogitasse
253 2538 418 2643 confessus
448 2580 507 2641 est.
545 2570 681 2640 Omnes
713 2596 791 2661 ergo
824 2599 843 2641 a
869 2575 1069 2643 Nicomacho
1089 2589 1123 2640 38

54 2666 220 2732 nominati
248 2687 337 2731 more
364 2664 554 2749 patriot
498 2663 574 2729 dato
555 2663 698 2749 osigno
728 2666 814 2729 saxis
846 2665 955 2728 obruti
985 2669 1069 2730 sunt.

56 2755 180 2840 Magno
194 2776 260 2819 non
279 2755 404 2836 salutis,
423 2752 591 2817 sedetiam
604 2751 743 2817 invidiae
756 2753 897 2836 periculo
912 2752 1069 2819 liberatus
1089 2767 1122 2816 33

57 2848 131 2909 3333
153 2842 345 2908 Alexander.
391 2841 517 2925 Quippe
540 2839 710 2905 Parmenio
739 2845 772 2905 et
794 2841 904 2905 Philot
890 2845 955 2920 t,as
982 2843 1069 2925 prin·

56 2933 145 3016 cipes
170 2932 360 3009 amicorum,
382 2930 446 2994 nisi
469 2929 578 3012 palam
602 2933 726 3012 sontes,
754 2930 822 2994 sine
845 2891 1069 3031 indigriatione
1088 2943 1123 2994 40

55 3022 161 3087 totius
185 3019 342 3085 exercitus
365 3040 430 3085 non
453 3017 636 3101 potuissent
658 3017 871 3082 damnarit
844 3020 968 3103 itaque,
996 3020 1070 3084 dum

44 3105 973 3194 vancepsquaestiot1”uit,duminlitiatustestlacinus,
1001 3129 1070 3173 cru·

56 3199 175 3264 daliter
188 3197 334 3280 torqueri
347 3195 525 3276 videbatur,
543 3197 619 3277 post
637 3193 897 3260 confessionem
887 3218 953 3263 ram
965 3217 1068 3280 nequa

56 3288 238 3354 amicorum
256 3284 405 3350 Philotas
424 3282 677 3349 misericordiam
700 3283 826 3348 meruit.

457 3532 669 3543 ...—
