2356 3846
219 167 471 227 HISTORIAM
490 167 707 224 ALEXANDRI
724 164 772 238 IV,
792 118 835 224 ra
854 175 896 222 11.
1027 167 1069 231 61

52 314 166 382 nentia
193 313 299 380 hostis
329 312 371 377 ad
396 333 497 378 novas
524 313 613 396 pacis
640 311 843 378 condiciones
871 311 1019 377 ferendas
1046 329 1071 377 x

54 403 195 491 legatos,
222 404 434 488 cognatorum
455 401 630 485 principes,
650 401 754 466 misit:
784 423 865 486 quos
888 399 1071 466 Alexander

55 492 191 560 consilio
216 490 372 556 11111111
395 488 555 554 introduci
576 489 679 555 iussit.
719 488 748 555 ll
772 490 888 573 quibus
910 489 1069 554 maximus
1088 509 1104 558 a

56 584 145 665 natu,
169 576 344 662 ‘Dareum’‚
365 577 480 662 inquit,
503 576 556 641 ‘ut
576 598 689 661 pacem
712 599 732 642 a
753 581 787 641 te
809 577 875 642 iam
894 578 956 644 hoc
973 578 1070 642 tertio

56 670 194 752 peteret,
224 667 313 732 nulla
339 665 388 731 vis
416 665 559 751 subegit,
590 665 646 731 sed
672 665 798 731 iustitia
820 669 853 731 et
874 666 1071 731 continentia

56 760 113 822 tua
140 755 306 838 expressit.
350 752 501 837 Matrem,
533 755 716 839 coniugem,
748 754 866 819 liberos
894 755 976 838 eius,
1006 754 1105 822 nisis

57 844 143 929 qnod
168 843 236 908 sine
258 843 315 908 illo
339 845 428 927 sunt,
458 845 569 925 captos
593 863 753 908 essenon
775 843 947 907 sensimus:
979 842 1070 926 pudi-

56 932 152 997 citiae
176 932 294 1015 eamm,
317 951 399 1016 quae
422 935 602 1015 supersimt,
624 951 734 996 curam
756 930 843 997 haud
861 951 953 995 secus
973 951 1070 1014 quam

55 1038 174 1105 parens
197 1040 296 1104 agens
318 1019 447 1104 reginas
471 1019 626 1103 appellas,
659 1019 798 1102 speciem
824 1019 979 1102 pristinae
1006 1017 1070 1083 for·

54 1112 156 1172 tunae
186 1108 324 1172 retinere
355 1107 485 1192 pateris.
536 1106 673 1172 Vultum
703 1112 796 1172 tuum
826 1107 934 1191 rideo,
966 1106 1106 1190 qualisl

56 1193 156 1260 Darei
174 1195 245 1279 lirit,
268 1216 341 1260 cum
359 1193 592 1260 dimitteremur
610 1196 651 1259 ab
670 1216 721 1260 eo:
745 1199 778 1260 et
794 1196 848 1259 ille
866 1199 977 1260 tamen
995 1216 1071 1260 uxo-

56 1304 140 1368 rem,
169 1287 207 1348 tu
227 1283 356 1348 hostem
377 1284 479 1368 luges.
523 1282 594 1346 Iam
616 1284 651 1347 in
673 1284 740 1348 acie
764 1287 881 1368 stares,
909 1284 972 1348 nisi
996 1304 1072 1348 cura

57 1375 90 1436 te
117 1372 301 1455 sepulturae
328 1372 396 1436 eius
423 1374 613 1436 moraretur.
656 1370 781 1456 Ecquid
808 1372 925 1438 miram
953 1376 1014 1455 est,
1043 1370 1072 1435 si

57 1463 126 1524 tam
158 1459 199 1524 ab
231 1460 333 1525 amico
366 1459 474 1524 animo
505 1481 618 1542 pacem
650 1459 753 1543 petit?
799 1460 876 1545 quid
908 1482 989 1544 opus
1022 1461 1072 1524 est

57 1547 1071 1720 11111111111111111111111)1111Ῑὲ111111811111111191111111111111111)1111ἶ
1090 1564 1106 1614 5

59 1725 174 1789 minat:
213 1742 314 1809 nunc,
350 1722 504 1808 quidquid
539 1724 624 1788 inter
655 1722 902 1808 Hellespontum
938 1728 972 1788 et
1006 1721 1072 1788 Elu-

59 1812 197 1894 phraten
224 1816 287 1894 est,
317 1812 353 1875 in
380 1811 487 1877 dotem
514 1811 598 1875 filiae
622 1810 728 1895 offert,
757 1833 854 1896 quam
879 1812 940 1876 tibi
962 1811 1071 1875 tradit.

60 1899 186 1967 Ochum
208 1899 322 1984 filium,
345 1920 440 1983 quem
462 1899 573 1982 habes,
586 1899 683 1983 pacis
706 1903 739 1964 et
760 1899 834 1964 fidei
856 1899 1001 1964 obsidem
1023 1918 1107 1966 ree

58 1989 139 2071 tine,
161 1991 298 2052 matrem
320 1990 354 2051 et
374 1987 455 2051 duas
477 1987 617 2072 virgines
639 1987 723 2051 filias
747 1988 856 2053 redde:
885 2009 944 2072 pro
967 1987 1072 2052 tribus

60 2076 248 2159 corporibus
275 2092 346 2139 xxx
367 2075 456 2139 milia
482 2076 640 2140 talentum
662 2076 733 2140 auri
755 2080 904 2159 precatur
926 2076 1072 2159 accipias.

59 2162 132 2230 Nisi
158 2163 412 2229 moderationem
440 2163 539 2227 animi
566 2164 614 2226 tui
640 2167 752 2228 notam
781 2164 946 2247 haberem,
978 2165 1105 2244 [non]7

60 2253 198 2317 dicerem
220 2251 283 2315 hoc
302 2272 373 2315 esse
395 2255 532 2335 tempus,
556 2272 618 2335 quo
641 2273 753 2335 pacem
776 2272 843 2316 non
865 2251 940 2316 dare
960 2253 1073 2336 solum,

59 2340 116 2405 sed
142 2340 241 2403 etiam
268 2353 423 2422 occupare
450 2339 590 2403 deberes.
640 2337 790 2423 Respice,
817 2344 971 2424 quantum
998 2343 1107 2422 poste

58 2431 91 2493 te
123 2426 304 2510 reliqueris:
344 2428 483 2511 intuere,
513 2430 669 2511 quantum
701 2431 802 2511 petas.
856 2427 1073 2492 Periculosum

58 2518 109 2581 est
134 2534 312 2600 praegrave
338 2515 523 2599 imperium:
552 2515 681 2580 difficile
709 2519 759 2580 est
786 2517 872 2580 enim
900 2516 1073 2599 continere,

59 2603 145 2687 quod
175 2623 288 2685 capere
317 2622 383 2667 non
409 2603 523 2686 possis.
567 2602 722 2688 Videsne,
753 2607 791 2668 ut
816 2604 960 2689 navigia,
992 2624 1073 2686 quae

57 2690 202 2757 modum·
213 2689 384 2774 excedunt,
405 2691 474 2775 regi
495 2691 698 2775 nequeant?¹
724 2690 858 2776 Nescio,
882 2714 923 2756 an
946 2691 1072 2756 Dareus

58 2778 131 2844 ideo
159 2781 229 2842 tam
255 2778 358 2843 multo
385 2779 538 2863 amiserit,
575 2778 651 2862 quia
678 2779 797 2844 nimiae
829 2801 906 2863 opes
935 2800 1073 2865 magnae

58 2867 201 2931 iacturae
222 2866 334 2930 locum
361 2865 494 2931 faciunt
538 2865 677 2931 Facilius
705 2871 754 2932 est
781 2867 909 2952 quidem
937 2869 1107 2951 vinceres

59 2976 157 3038 quam
179 2953 449 3036 1111111111111111.ι
473 2976 578 3040 quam,
600 2955 737 3040 hercule,
759 2957 938 3040 expeditius
958 2976 1072 3021 manus

58 3045 190 3107 nostrae
219 3041 363 3125 rapiunt,
396 3064 491 3126 quam
520 3044 696 3109 continent.
744 3043 822 3128 Ipsa
849 3066 936 3111 mors
964 3046 1072 3110 uxoris

58 3128 158 3194 Darei
194 3129 365 3194 admonere
395 3134 428 3194 te
458 3134 567 3214 potest
597 3133 704 3195 minus
740 3133 806 3196 iam
836 3133 1072 3198 misericordiae

10 3215 135 3282 44tuae
150 3217 270 3301 licere,
301 3239 397 3302 quam
423 3218 534 3284 licuit?
578 3217 762 3284 Alexander
785 3221 901 3305 legatis
924 3222 1073 3287 excedere
1093 3242 1124 3292 10

59 3305 267 3370 tabernaculo
288 3307 398 3391 iussis,
427 3307 503 3391 quid
528 3308 681 3392 placeret,
708 3309 749 3372 ad
775 3310 944 3374 consilium
966 3309 1072 3375 refert
1093 3301 1096 3310 ’

59 3391 125 3457 Diu
146 3413 251 3477 nemo,
274 3395 351 3478 quid
373 3395 515 3479 sentiret,
538 3416 633 3460 ausus
656 3399 706 3461 est
724 3397 827 3462 dicere
845 3398 968 3462 incerta
985 3399 1071 3484 regis

59 3481 234 3546 voluntate.
263 3480 420 3546 Tandem
447 3481 617 3549 Parmenio
649 3488 744 3549 antea
775 3487 915 3550 suasisse
946 3487 1129 3565 11111111

58 3569 203 3650 captivos
231 3569 318 3652 apud
343 3568 546 3641 Damascum
577 3574 824 3643 redimenlihus
844 3572 1020 3637 teuderam
1043 3569 1104 3625 'w
