2356 3846
127 161 192 227 174
499 161 529 228 Q·
550 161 661 218 GURTI
678 161 765 218 RUFI

72 328 107 376 er
124 311 255 373 terram.
294 306 455 392 Hypsides
473 309 602 389 poterat
625 305 752 389 quidem
771 306 920 390 effugere,
938 304 996 371 sed
1014 306 1136 373 amisso

126 396 229 461 amico
247 396 331 461 mori
350 394 474 460 statuit.
507 392 582 460 Una
595 397 665 459 erat
678 416 763 479 cura,
776 416 817 460 nc
830 395 952 459 inultus
967 394 1136 461 occideret

124 483 239 568 Itaque
268 482 406 548 subditis
438 481 617 548 calcaribus
644 504 726 567 equo
755 483 790 548 in
817 483 939 548 medios
966 482 1072 548 hostis
1100 504 1135 548 se

124 570 248 637 inmisIt
274 574 307 638 et
333 570 537 637 memorabili
564 570 650 635 edita
675 590 786 655 pugna
812 572 946 636 obrutus
973 570 1049 636 telis
1076 574 1136 636 est

70 679 106 728 ss
126 659 219 736 Quod
237 659 294 725 ubi
310 659 432 738 ridere,
451 659 508 742 qui
525 658 616 724 caedi
634 662 835 744 supererant,
857 659 1019 724 tumulum
1036 658 1136 744 paulo

125 769 222 832 quam
240 751 347 813 cetera
365 747 533 813 editiorem
553 747 698 831 capiunt:
721 768 801 831 quoe
820 745 1025 831 Spitamenes
1049 747 1137 812 fame

124 836 159 900 in
182 835 377 901 deditionem
396 834 587 901 subacturus
606 834 742 900 obsedit.
783 833 932 901 Cecidere
951 855 989 899 eo
1007 835 1136 918 proelio

70 943 105 992 aa
123 925 268 1009 peditum
286 943 312 988 11
330 924 431 1008 milia,
446 939 509 989 ccc
527 923 659 1007 equites.
695 922 799 1000 Quam
813 922 934 988 cladem
948 922 1137 990 Alexander

124 1013 250 1077 sollerti
277 1012 412 1078 consilio
441 1011 536 1090 texit,
568 1014 673 1076 morte
703 1010 893 1076 denuntiata
918 1009 975 1094 iis,
1006 1011 1064 1094 qui
1096 1032 1136 1077 ex

125 1101 252 1184 proelio
275 1100 484 1182 advenerant,
507 1099 535 1164 si
558 1102 632 1164 acta
653 1098 851 1183 vulgassent.

530 1253 612 1322 OAP.
634 1254 724 1322 VIII.

89 1381 102 1429 1
212 1360 363 1427 Ceterum
377 1382 449 1426 curn
464 1362 572 1426 animo
591 1360 752 1446 disparem
765 1362 890 1427 vultum
909 1361 1033 1429 diutius
1051 1362 1176 1432 ferreti

121 1472 189 1515 non
210 1453 334 1534 posset,
360 1449 395 1514 in
417 1449 662 1515 tabernaculum
684 1471 779 1533 super
801 1451 905 1533 ripam
930 1450 1074 1518 fluminis
1096 1454 1135 1519 dc

69 1557 103 1613 ,2
121 1538 283 1603 industria
299 1538 452 1602 -.loeatum
479 1537 620 1602 secessit
668 1535 719 1602 Ibi
747 1538 816 1603 sine
844 1538 976 1604 arbitris
1005 1541 1136 1626 singule

122 1626 224 1690 animi
242 1625 391 1691 consulta
408 1623 571 1709 pensando
589 1627 719 1690 noctem
737 1624 859 1710 vigiliis
879 1627 1021 1692 extraxit
1039 1650 1135 1714 saepe

120 1714 262 1796 pellibus
285 1713 489 1778 tabernaculi
511 1712 681 1796 adlevatis,
707 1717 745 1778 ut
767 1713 966 1798 conspiceret
988 1715 1135 1782 hostium

120 1802 227 1885 ignes,
255 1801 411 1886 equibus
440 1799 618 1866 coniectare
646 1803 789 1885 poterat,
816 1805 937 1885 quanta
963 1802 1135 1872 hominum

84 1907 101 1955 3
121 1888 295 1954 multitudo
314 1895 408 1953 esset.
443 1886 576 1971 Iamque
599 1888 654 1952 lux
672 1888 855 1974 adpetebat,
872 1911 944 1955 cum
962 1891 1134 1959 thoracem

119 1976 252 2040 indutus
275 1976 420 2059 precedit
441 1974 482 2039 ad
505 1974 638 2053 milites,
660 1979 731 2040 tum
752 1976 892 2058 primum
914 1983 993 2062 post
1018 1981 1135 2047 rullius

83 2064 266 2146 eproxime
298 2066 472 2147 acceptum.
522 2061 628 2126 Tanta
660 2066 731 2127 erat
762 2063 846 2146 apud
878 2086 932 2131 eos
964 2069 1135 2135 veneratio

119 2151 220 2233 regis,
243 2151 280 2214 ut
296 2148 393 2214 facile
411 2148 664 2232 periculi,'quod
683 2149 872 2235 horrebant,
896 2153 1135 2237 cogitationem

83 2237 300 2321 spracsentia
328 2236 394 2301 eius
423 2240 594 2300 excuteret
638 2235 732 2302 Laeti
755 2259 832 2324 ergo
860 2243 894 2306 et
921 2246 1135 2311 manantibus

119 2324 237 2409 gaudio
260 2323 413 2388 lacrimis
446 2324 651 2388 consalutant
677 2347 750 2390 eum
780 2330 828 2410 et,
859 2328 945 2411 quod
978 2335 1058 2397 ante
1087 2355 1136 2399 re-

24 2428 29 2439 ·
83 2414 309 2480 ecusauerant
330 2409 464 2494 bellum,
487 2410 609 2474 feroces
632 2411 820 2494 deposcunt.
862 2414 923 2480 Ille
947 2438 984 2482 se
1006 2421 1136 2488 ratibus

118 2499 259 2583 equitem
273 2497 532 2581 phalangemque
541 2500 837 2580 transportaturum
846 2523 917 2567 esse
930 2509 1137 2594 pronuntiat,

84 2607 99 2656 s
119 2608 216 2670 super
238 2589 327 2651 utres
350 2585 440 2651 iubet
457 2604 533 2649 nare
555 2585 658 2650 levius
677 2590 828 2653 armatos.
867 2588 968 2657 Plura
986 2615 1049 2660 nec
1072 2597 1137 2663 dici

117 2695 169 2738 res
193 2673 388 2737 desideravit
409 2693 469 2736 neo
492 2693 547 2736 rex
571 2671 675 2737 dicere
697 2695 755 2757 per
777 2675 991 2745 valitudinem
1016 2687 1136 2768 potuit

81 2758 268 2827 eOeterum
295 2762 389 2823 tanta
417 2758 585 2822 alacritate
612 2760 753 2825 militum
775 2767 862 2829 rates
889 2766 1025 2834 iunctae
1049 2777 1137 2858 sunt,

117 2848 155 2908 ut
173 2846 259 2909 intra
275 2844 418 2909 triduum
437 2843 477 2907 ad
496 2862 546 2907 ΧΠ
563 2844 653 2907 milia
672 2847 803 2913 effectae
822 2851 896 2917 sint
935 2854 1076 2943 Iamque
1094 2861 1136 2927 ad

117 2930 349 2995 transeundum
369 2930 477 2994 omnia
495 2933 698 3013 aptaverant,
722 2953 794 2998 cum
812 2937 915 3022 legati
932 2941 1136 3028 Scytharum

116 3034 174 3098 xx,
193 3037 283 3082 more
301 3017 407 3099 gentis
425 3035 483 3096 per
501 3018 608 3077 castra
626 3016 715 3098 equis
734 3022 830 3106 recti,
847 3029 1000 3098 nuntiare
1019 3035 1138 3102 iubent

82 3102 202 3205 arogi,
232 3102 313 3165 velle
336 3103 426 3183 ipsos
444 3098 489 3200 ad
511 3120 583 3199 eum
606 3102 759 3200 mandata
785 3112 938 3191 perferre.
985 3120 1137 3190 Admissi

117 3211 151 3256 rn
175 3185 418 3251 tabernaculum
441 3205 584 3268 iussique
607 3186 771 3255 consrdere
793 3195 827 3260 in
850 3201 944 3268 vultu
965 3211 1059 3295 regis
1083 3213 1137 3278 do-

117 3277 254 3340 fixerant
273 3272 395 3337 oculos:
421 3270 529 3354 credo,
552 3270 624 3353 quis
647 3277 868 3355 magnitudine
892 3297 1044 3375 corporis
1068 3301 1138 3366 ani·

118 3383 207 3430 mum
244 3357 490 3423 aestimantibus
527 3355 669 3419 modicus
708 3359 838 3433 habitus
875 3373 1137 3471 haudquaquam

48 3471 88 3518 ro
104 3450 220 3514 murae
241 3466 307 3530 par
335 3442 509 3508 videbatur.
554 3440 684 3522 Scythis
715 3451 824 3518 autem
850 3479 918 3527 non
945 3472 986 3533 ut
1015 3478 1138 3542 ceteri,

93 3535 254 3602 barbaris
274 3531 372 3602 rudis
392 3533 428 3599 et
446 3528 635 3599 inconditus
653 3548 768 3597 sensus
785 3544 850 3604 esu.
871 3549 1010 3627 auidam
1024 3582 1142 3628 summ
