2356 3846
129 143 192 208 158
503 138 768 206 acuminum

126 289 184 353 nix
206 287 348 351 discussa
372 285 493 368 aperire
516 284 651 349 humum
674 284 791 367 coepit,
813 283 903 348 caelo
924 283 1053 369 solique
1070 283 1142 350 rod·

76 389 108 437 11
127 377 254 440 duntur.
286 373 437 438 Ceterum
456 373 535 438 adeo
555 374 641 440 altae
659 372 749 437 nives
763 375 915 455 premunt
929 375 1053 437 terram
1066 374 1142 456 gelu

129 470 161 529 et
183 465 339 547 perpetuo
358 482 458 545 paene
477 462 584 546 rigore
603 461 807 543 constrictae,
828 464 866 525 ut
885 481 925 524 ne
944 459 1056 527 avium
1075 462 1142 545 qui·

128 553 200 616 dem
231 550 358 614 feraeve
391 550 489 614 ullius
522 549 698 634 vestigium
731 552 825 613 extet.
880 546 1029 614 Obscura
1059 550 1142 615 caeli

116 639 234 704 'verius
262 638 378 703 umbra
406 659 502 722 quam
529 639 586 703 lux
612 636 700 702 nocti
728 637 843 702 similis
866 638 987 720 premit
1009 642 1142 721 terram,

28 804 29 811 ἵ
75 743 108 792 12
126 728 180 792 vix
198 730 248 811 ut,
271 747 352 809 quae
371 747 472 810 prope
491 729 576 809 sunt,
594 725 737 808 conspici
755 725 893 809 possint
933 725 973 790 In
991 725 1054 790 hac
1073 727 1166 791 tuml

128 816 233 879 omnis
265 814 398 878 humani
432 815 537 878 cultus
570 814 743 879 solitudine
771 813 944 879 destitutus
971 815 1143 899 exercitus,

128 904 281 989 quidquid
309 904 469 967 malorum
495 902 627 967 tolerari
655 905 776 985 potest,
807 901 956 986 pertulit,
986 903 1142 987 inopiam,

76 1011 108 1058 13
128 993 243 1076 frigus,
257 990 490 1074 lassitudinem,
504 991 769 1074 desperationem.
805 989 928 1056 Multos
943 991 1142 1056 exanimavit

127 1080 218 1165 rigor
240 1079 390 1145 insolitus
417 1079 516 1143 nivis:
543 1079 720 1144 multorum
748 1078 873 1143 adussit
898 1079 1012 1163 pedes,
1041 1080 1141 1162 pluri·

128 1190 255 1232 morum
277 1167 398 1232 oculos.
443 1167 621 1251 Praecipue
646 1167 868 1250 perniciabilis
890 1167 955 1232 fuit
976 1167 1140 1253 fatigatis:

129 1257 247 1340 quippe
283 1256 318 1319 in
348 1255 421 1338 ipso
454 1256 530 1338 gelu
561 1254 743 1320 deficientia
774 1275 911 1339 corpora
942 1257 1141 1339 sternebant,

129 1365 210 1428 quae
233 1364 306 1406 cum
329 1343 452 1407 moveri
470 1343 641 1425 desissent,
663 1343 712 1408 vis
735 1342 867 1427 frigoris
890 1343 938 1408 ita
960 1342 1141 1430 adstringe·

76 1448 110 1496 14
128 1432 200 1514 bat,
227 1433 264 1493 ut
291 1451 402 1495 rursus
426 1431 466 1494 ad
491 1432 686 1516 surgendum
710 1431 811 1495 coniti
833 1451 900 1495 non
921 1435 1068 1514 possent.
1111 1431 1140 1496 A

129 1518 402 1583 commilitonibus
438 1522 605 1601 torpentes
645 1518 869 1583 excitabantur
908 1540 1015 1603 neque
1057 1520 1140 1585 aliud

77 1624 108 1672 15
128 1606 305 1671 remedium
339 1611 422 1691 erat,
454 1629 551 1690 quam
582 1611 620 1672 ut
650 1607 778 1691 ingredi
805 1611 1007 1691 cogerentur.
1059 1608 1140 1674 Tum

128 1696 257 1796 demum
287 1695 380 1795 vitali
399 1696 517 1796 ,calore
532 1699 639 1796 'moto
675 1695 829 1760 membris
862 1695 982 1797 aliquis
1013 1697 1141 1762 redibat

128 1780 412 1935 ddldrlitersrlefddtli
429 1783 1141 1957 tsqqqnaspprpgppugligffiqapoqqeffi

77 1978 109 2025 16
128 1959 202 2023 ficia
225 1959 317 2023 nulla
340 1959 405 2023 alia
427 1980 480 2023 res
503 1981 599 2043 quam
617 1959 726 2024 fumus
745 1960 937 2024 ostenderet.
978 1960 1034 2026 Illi
1052 1983 1141 2027 num-

129 2068 227 2130 quam
256 2052 332 2110 ante
360 2048 395 2110 in
424 2047 520 2111 terris
549 2047 615 2111 suis
645 2048 768 2112 advena
794 2048 864 2113 viso
895 2070 969 2113 cum
998 2053 1141 2115 armatos

127 2137 260 2218 repente
298 2135 533 2218 conspicerent,
571 2135 745 2200 exanimati
777 2139 880 2220 matu,
916 2137 1073 2221 quidquid
1108 2138 1142 2202 in

128 2223 268 2305 tuguriis
292 2226 374 2298 erat,
402 2222 603 2306 adferebant,
630 2227 667 2287 ut
689 2224 878 2306 corporibus
901 2224 1048 2308 ipsorum
1068 2248 1142 2310 par·

78 2329 110 2377 17
129 2314 255 2375 ceretur
273 2314 412 2375 orantes.
447 2311 517 2375 Rex
535 2332 652 2395 agmen
666 2311 858 2376 circumibat
873 2313 981 2397 pedes,
999 2313 1142 2380 iacentes

131 2398 287 2484 quosdam
310 2400 436 2482 erigens
460 2403 493 2463 et
515 2400 607 2483 alios,
630 2421 703 2464 cum
726 2420 821 2485 aegre
844 2405 1066 2486 sequerentur,
1089 2402 1143 2468 ad-

87 2557 91 2561 ,
130 2487 284 2551 minioulo
303 2487 447 2570 corporis
467 2487 517 2551 sui
536 2487 706 2570 excipiens.
746 2486 841 2552 Nunc
859 2488 901 2554 ad
917 2489 1026 2573 prima
1040 2490 1143 2577 signa,

128 2576 266 2640 nuncin
289 2575 404 2660 medio,
425 2596 510 2640 nuno
533 2576 568 2640 in
590 2576 705 2641 ultimo
729 2577 858 2661 agmine
881 2577 1010 2643 itineris
1033 2579 1143 2645 multi·

78 2679 111 2729 18
129 2664 249 2747 plicato
278 2664 390 2728 labore
418 2664 539 2729 aderat.
583 2663 727 2730 Tandem
754 2665 795 2730 ad
820 2665 891 2730 loca
913 2665 1052 2731 cultiora
1075 2690 1144 2753 per·

129 2756 261 2817 ventum
290 2755 340 2816 est
372 2756 616 2835 commeatuque
648 2754 741 2837 largo
773 2757 936 2834 recreatus
969 2757 1144 2822 exercitus:

131 2839 228 2902 simul
256 2843 300 2918 et,
329 2840 385 2923 qui
412 2841 564 2923 consequi
591 2862 658 2905 non
681 2845 869 2925 potuerant,
898 2842 933 2906 in
954 2843 1014 2908 illa
1036 2847 1145 2910 castn

130 2931 297 2992 venerunt.

78 3030 111 3080 19
219 3013 297 3078 Inde
317 3036 434 3099 agmen
452 3015 611 3098 processit
629 3014 670 3079 ad
685 3012 865 3083 Caucasum
880 3022 1036 3104 montem,
1053 3022 1170 3088 ouiusl

130 3100 262 3165 dorsum
280 3102 395 3167 Asiam
414 3107 568 3188 perpetuo
587 3104 664 3186 iugo
683 3103 810 3182 dividit:
834 3107 908 3171 hino
928 3107 1026 3173 simul
1044 3131 1145 3194 mare,

131 3189 217 3272 quod
240 3188 388 3255 Ciliciam
416 3193 505 3256 subit
530 3196 559 3256 et
580 3189 722 3256 Rotam
748 3213 847 3273 mare,
875 3195 964 3260 illino
988 3193 1144 3281 Caspium

130 3277 247 3342 fretum
280 3281 313 3341 et
345 3301 474 3344 amnem
504 3280 636 3345 Araxen
668 3279 797 3363 aliaque
829 3284 961 3368 regione
988 3281 1144 3369 Scythiae

78 3385 112 3434 20
131 3367 260 3431 deserta
278 3370 411 3450 spectat.
453 3368 588 3454 Taurus,
610 3368 769 3432 secundae
787 3371 1021 3456 magnitudinis
1040 3396 1144 3456 mons,

13 3488 18 3497 ·
126 3454 356 3521 committitur.
369 3452 528 3521 Caucaso:
557 3479 577 3522 a
599 3453 805 3539 Cappadocia
828 3479 864 3522 se
886 3461 1042 3527 attollens
1067 3460 1131 3528 Cili

48 3557 88 3605 21
108 3542 197 3610 cram
227 3544 397 3632 praeterit
427 3545 670 3634 Armeniaeque
698 3545 867 3611 montibus
891 3548 1048 3629 iungitu,
1092 3549 1143 3616 Sic
