2356 3846
123 155 167 220 58
500 155 532 221 Q·
551 155 662 212 cunii
679 91 775 213 RUFI,

122 303 312 383 percensent
333 297 472 364 Persidis
495 320 616 386 regum,
639 322 720 385 quos
744 299 893 365 advorsis
906 299 956 365 dis
974 320 1138 386 pugnasse

86 387 220 458 alunac
254 388 447 453 ostendisset
478 388 622 454 defectio.
675 386 773 452 Nulla
808 409 859 453 res
896 388 1138 453 multitudinem

124 476 283 541 efficacius
320 476 405 560 regit
438 498 536 561 quam
567 476 765 560 superstitio:
802 476 946 559 alioquin
976 476 1137 560 inpotens,

122 585 233 647 saeva,
256 564 434 648 mutabilis,
456 564 513 629 ubi
534 586 619 629 vana
646 564 800 650 religione
827 567 922 646 capta
940 567 998 647 est,
1021 565 1137 629 melius

121 652 258 734 vatibus,
282 674 378 736 quam
392 651 525 717 ducibus
541 653 607 717 suis
620 656 720 735 paret.
751 652 856 737 IgItur
871 651 957 716 edita
971 652 1006 715 in
1019 653 1137 738 vulgus

121 737 355 824 Aegyptiorum
384 761 546 823 responsa
581 762 690 804 rursus
728 741 768 804 ad
800 760 890 823 spem
922 743 955 804 et
985 739 1137 804 fiduciam

85 849 250 896 serexere
282 831 458 912 torpentes.
511 827 580 892 Rex
613 829 736 912 impetu
768 830 948 893 animorum
980 829 1137 893 utendum
1147 831 1177 894 4(

121 919 212 980 ratus
236 917 375 981 secunda
396 916 507 1002 vigilia
530 920 635 981 castra
656 915 774 981 movit:
799 917 911 980 dextm
932 914 1058 1001 Tigrim
1080 916 1138 981 ha·

85 1002 231 1087 abebat,
265 1026 285 1067 a
305 1005 397 1069 laeva
419 1007 558 1087 montes,
582 1025 662 1088 quos
686 1002 872 1086 Gordyaeos
895 1006 1019 1069 vocant
1065 1003 1138 1069 Hoc

120 1090 1137 1245 tesselatitlttlltaltltstttffitttt

68 1286 103 1336 ιο
121 1267 222 1352 igitur
253 1268 354 1331 milite
386 1271 419 1331 ct
450 1269 617 1351 conposito
649 1267 777 1351 agmine
808 1268 1023 1332 antecedebat
1074 1265 1137 1332 Sed

121 1352 291 1419 Persarum
318 1359 495 1420 moratores
523 1359 628 1437 erant,
660 1356 748 1420 mille
774 1355 887 1439 ferme,
919 1356 974 1439 qui
997 1355 1139 1439 speciem

121 1443 233 1526 magni
251 1444 391 1528 agminis
410 1443 567 1508 fecerant:
586 1444 703 1527 quippe
722 1443 777 1508 ubi
796 1443 957 1527 explorari
975 1464 1053 1509 uera
1068 1466 1138 1508 non

69 1551 102 1599 11
121 1534 269 1614 possunt,
294 1531 378 1632 lalsa
399 1552 456 1614 per
479 1535 598 1596 metum
622 1535 789 1616 augentur.
833 1530 894 1595 His
918 1532 1056 1632 cagnitis
1079 1553 1138 1596 rex

121 1640 197 1771 tt
220 1640 485 1791 litatis?
502 1619 1137 1792 tilttlztsstttstttltltl

122 1795 335 1880 speculatum,
359 1796 454 1861 simul
477 1800 514 1860 ut
536 1797 655 1880 ignem,
678 1817 740 1880 quo
763 1796 893 1860 barbari
916 1799 1138 1860 cremaverant

68 1901 102 1951 la
120 1884 222 1966 moos,
255 1884 487 1968 extinguerent.
541 1883 667 1966 Quippe
697 1883 858 1968 fugientes
889 1883 1009 1966 raptim
1040 1885 1136 1949 tectis

122 1971 306 2055 acervisque
333 1971 487 2035 frumenti
509 1971 686 2035 iniecerant
707 1971 868 2056 flammas,
900 1992 981 2055 quae
1003 1993 1084 2054 oum,
1099 1972 1137 2037 in

121 2079 246 2123 summo
268 2059 457 2142 haesissent,
480 2058 520 2122 ad
543 2058 695 2123 inferiora
717 2059 861 2124 nondum
879 2062 1135 2142 penetraverant.

66 2165 102 2214 13
120 2144 275 2212 Extincto
298 2146 399 2230 igitur
419 2147 496 2231 igne
519 2147 692 2230 plurimum
714 2147 868 2211 frumenti
889 2150 1051 2230 repertum
1070 2151 1135 2212 est:

121 2234 215 2317 copia
237 2234 372 2298 aliarum
395 2256 520 2318 quoque
542 2255 649 2298 rerum
672 2235 834 2299 abundare
858 2238 1041 2318 coeperunt.
1084 2233 1135 2299 Fla

121 2342 172 2387 res
201 2322 272 2406 ipsa
299 2322 394 2386 militi
422 2323 462 2386 ad
490 2323 742 2406 persequendum
769 2322 896 2387 hostem
919 2323 1064 2387 animum
1085 2323 1135 2387 in·

121 2409 241 2475 cendit:
279 2410 396 2493 quippe
428 2413 541 2474 urente
570 2413 603 2474 et
627 2411 803 2494 populante
829 2432 868 2475 eo
894 2414 1015 2475 terram
1044 2411 1134 2476 festi·

67 2517 103 2566 14
120 2498 264 2564 nandum
287 2502 368 2581 erat,
399 2519 440 2562 ne
463 2497 610 2562 incendio
634 2502 749 2563 cuncta
771 2498 976 2582 praeciperet.
1021 2498 1062 2563 In
1083 2522 1134 2564 ra·

119 2587 243 2651 tionem
279 2606 354 2671 ergo
386 2586 562 2651 necessitas
593 2607 687 2651 versa
718 2592 783 2651 est:
825 2587 943 2671 quippe
974 2585 1132 2669 Mazaeus,

121 2674 177 2758 qni
200 2677 295 2738 antea
318 2695 375 2757 per
397 2675 498 2739 otium
521 2675 608 2740 vicos
630 2675 825 2757 incenderet,
846 2675 911 2739 iam
929 2674 1041 2760 fugere
1059 2697 1132 2740 con·

66 2780 102 2829 15
120 2765 230 2825 tentus
267 2763 418 2847 pleraque
454 2764 609 2828 inviolata
643 2763 731 2829 hosti
761 2763 899 2847 reliquit.
951 2763 1133 2828 Alexander

120 2848 206 2912 haud
228 2850 359 2933 longius
382 2867 425 2915 cn
449 2851 560 2915 stadiis
582 2850 767 2915 Dareuma
789 2872 823 2914 sc
847 2851 958 2915 abesse
981 2872 1132 2935 conpere-

119 2938 180 3000 rat
225 2935 337 3020 Itaque
361 2937 402 3001 ad
424 2939 605 3003 satietatem
628 2958 754 3022 quoquc
781 2939 874 3021 copia
896 2942 1132 3005 commeatuum

120 3023 297 3088 instructus
320 3025 497 3108 quadriduo
519 3024 554 3090 in
577 3025 688 3090 eodem
710 3027 783 3091 loco
806 3026 962 3091 substitit.

57 3131 101 3182 ia
207 3110 408 3195 Interceptae
445 3112 558 3177 deindo
592 3112 690 3177 Darei
725 3114 852 3179 litterae
888 3118 978 3193 sunt,
1015 3116 1131 3201 quibus

120 3198 235 3266 Graeci
256 3199 375 3264 milites
399 3201 667 3285 sollicitabantur,
696 3205 735 3266 ut
760 3223 870 3287 regem
897 3206 954 3266 aut
975 3203 1131 3269 interfice·

120 3291 193 3353 rent
216 3290 272 3352 aut
293 3287 477 3372 proderent,
500 3289 733 3375 dubitavitque,
755 3311 798 3354 an
820 3311 874 3354 eas
898 3311 957 3374 pro
980 3292 1132 3358 contione

119 3376 285 3460 recitaret,
320 3376 400 3440 satis
431 3376 572 3442 confisus
603 3375 797 3443 Graecorum
830 3400 956 3463 quoque
988 3400 1067 3465 erga
1080 3438 1084 3443 .
1098 3400 1132 3444 se

52 3481 95 3525 17
111 3463 353 3529 benivolentiae
379 3485 417 3529 ac
446 3464 528 3530 fidei.
578 3463 640 3530 Sed
666 3463 838 3532 Parmenio
870 3467 1037 3553 deterruit,
1069 3487 1132 3534 nort

90 3565 167 3608 esse
195 3550 322 3616 talibus
346 3554 527 3639 promissis
555 3553 737 3622 inbuendas
762 3577 856 3622 auras
876 3555 1021 3619 militum
1038 3556 1131 3619 adtir-
