2356 3846
108 111 110 115 ’
129 113 193 176 108
502 110 534 177 Q.
555 109 664 167 CURTI
680 110 769 166 RUFI

73 277 107 326 1e
127 258 293 342 deplorare
321 259 504 339 coeperunt.
547 254 665 320 Persae
693 255 733 320 ad
760 256 833 321 flios
856 256 997 321 clamore
1019 256 1147 340 perlato

127 345 258 410 attoniti
280 347 369 409 metu
391 365 450 408 neo
474 365 563 408 arma
586 364 708 427 capere,
730 344 830 408 ne'in
851 342 1045 408 Bactrianos
1067 344 1144 409 inci·

127 433 248 517 derent,
266 454 325 497 nec
341 432 503 517 quiescere
517 431 688 515 audebant,
705 453 747 496 ne
761 431 860 516 impie
874 432 1021 497 deserere
1034 450 1145 516 regem

74 520 319 588 irriderentur.
363 519 483 584 Varius
510 541 547 584 ac
575 519 724 584 dissonus
752 520 873 584 clamor
901 521 972 584 sine
1000 518 1082 584 duce
1107 540 1145 584 ac

128 609 197 672 sine
219 608 354 692 imperio
376 608 456 672 totis
474 607 589 672 castris
606 607 813 672 referebatur.
848 605 950 672 Besso
970 610 1004 671 et
1019 604 1144 672 Nabar·
1176 641 1178 647 2

126 696 200 762 uani
221 697 451 761 nuntiaverant
473 695 532 778 sui,
553 715 666 780 regem
684 717 704 760 a
722 695 895 779 semetipso
913 696 1145 779 interemptum

75 801 108 851 ro
128 805 212 848 esse:
235 785 385 868 planctus
407 803 463 848 eos
486 782 664 866 deceperat
707 782 821 866 Itaque
844 782 952 847 citatis
976 782 1070 866 equis
1092 781 1144 848 ad·

127 872 240 937 volant
261 870 481 956 sequentibus,
504 891 584 954 quos
608 869 649 934 ad
669 870 885 935 ministerium
909 870 1040 935 sceleris
1063 870 1144 934 dele-

128 963 257 1045 gerant:
290 962 323 1024 et
350 980 423 1023 cum
449 958 694 1023 tabernaculum
716 959 906 1042 intrassent,
936 958 1013 1042 quia
1036 979 1144 1043 regem

128 1048 234 1113 vivere
274 1047 432 1131 spadones
468 1045 669 1129 indicabant,
713 1045 931 1129 conprehendi
966 1046 1144 1130 vincirique

76 1154 109 1202 16
128 1136 298 1199 iusserunt.
342 1133 412 1199 Rex
443 1154 538 1198 curru
569 1135 667 1218 paulo
699 1137 775 1198 ante
806 1137 917 1198 vectus
948 1135 983 1197 et
1012 1132 1143 1199 deorum

128 1222 279 1305 auspiciis
308 1243 346 1286 ac
377 1222 442 1286 suis
471 1221 649 1286 honoribus
677 1222 782 1286 cultus
810 1221 900 1286 nulla
927 1224 1063 1285 externa
1086 1241 1143 1305 ope

129 1310 260 1374 admota
286 1309 432 1393 captivus
460 1329 624 1374 servorum
652 1330 782 1375 suorum
809 1309 845 1373 in
868 1308 1037 1373 sordidum
1059 1307 1143 1374 vehi·

77 1414 109 1463 1⁵1
129 1397 237 1460 culum
257 1393 407 1482 [pellibus
428 1396 568 1480 undique
586 1399 767 1477 contectus]
790 1396 966 1480 inponitur.
1004 1394 1144 1461 Pecunia

128 1485 214 1569 regis
242 1487 275 1548 et
302 1485 444 1567 supellex
471 1484 564 1568 quasi
585 1483 663 1548 belli
685 1485 753 1548 iure
776 1484 939 1568 diripitur,
970 1484 1142 1569 onustique

128 1570 248 1654 praeda
283 1593 341 1656 per
378 1573 481 1637 scelus
513 1572 661 1636 ultimum
691 1574 787 1655 parta
817 1572 931 1656 fugam
961 1571 1143 1636 intendunt

77 1678 110 1726 18
129 1658 310 1724 Artabazus
337 1680 410 1723 cum
432 1658 500 1742 his,
523 1659 579 1744 qui
600 1659 735 1743 imperio
757 1655 929 1743 parebant,
951 1657 1144 1744 Graecisque

129 1747 284 1811 militibus
316 1746 511 1811 Parthienen
543 1747 688 1831 petebat,
720 1747 829 1811 omnia
861 1746 982 1811 tutiora
1014 1747 1143 1830 parrici-

79 1853 110 1901 19
130 1832 242 1898 darum
265 1835 412 1917 contuitu
434 1837 533 1898 ratus.
569 1832 686 1898 Persae
708 1833 876 1918 promissis
893 1831 989 1899 Bessi
1012 1834 1145 1917 onemti,

129 1922 267 1986 maxime
290 1921 366 2005 quia
387 1942 483 1986 nemo
507 1922 588 1986 alius
611 1924 689 2003 erat,
712 1943 808 2005 quem
828 1925 1049 2006 sequerentur,
1071 1943 1144 1988 con·

128 2009 260 2073 iunxere
280 2030 314 2072 se
330 2008 521 2093 Bactrianis,
544 2029 660 2093 agmen
678 2030 789 2073 eorum
805 2009 903 2074 tertio
923 2008 1071 2074 adsecuti
1087 2009 1145 2075 die.

76 2115 111 2166 20
129 2094 179 2160 Ne
208 2099 319 2160 tamen
345 2096 450 2161 honoa
477 2097 546 2180 regi
573 2118 641 2162 non
666 2097 852 2180 haberetur,
884 2096 990 2160 aurcis
1019 2117 1145 2181 compe-

130 2183 224 2248 dibus
247 2182 389 2248 Dareum
411 2183 568 2268 vinciunt,
590 2205 676 2250 nova
696 2184 836 2249 ludibria
859 2183 995 2249 subinde
1019 2185 1145 2269 excogi-

129 2274 219 2335 tante
242 2270 383 2355 fortuna,
406 2270 440 2335 et
461 2292 502 2335 ne
524 2270 609 2336 forte
632 2272 720 2336 cultu
742 2272 832 2356 regio
850 2274 962 2355 posset
979 2270 1146 2356 adgnosci,

130 2357 267 2423 sordidis
288 2357 427 2441 pellibus
449 2358 631 2424 vehiculum
653 2360 849 2424 intererant:
871 2358 977 2442 ignoti
1000 2358 1147 2425 iumenta

130 2446 284 2530 agebant:
312 2466 354 2509 ne
374 2446 641 2529 percontantibus
663 2447 699 2510 in
721 2447 851 2532 agmine
873 2447 1050 2512 monstrari
1074 2469 1147 2532 pos·

130 2537 193 2616 set,
216 2532 365 2600 custodes
388 2535 501 2617 procul
524 2534 749 2618 sequebantur.

542 2689 621 2755 Car.
643 2690 732 2756 XIII.

94 2814 109 2864 1
218 2794 402 2859 Alexander
423 2795 543 2877 audito,
565 2794 707 2858 Dareum
729 2795 869 2860 movisse
892 2796 934 2860 ab
955 2793 1148 2882 Ecbatanis,

1 2910 3 2915 ·
130 2881 250 2946 omisso
272 2882 402 2965 itinere,
432 2881 519 2965 quod
540 2880 672 2963 petebat
695 2882 743 2960 [in
765 2880 933 2966 Mediam],
964 2883 1147 2969 fugientem

93 2969 257 3051 ainsequi
277 2970 386 3052 pergit
407 2971 546 3033 strenue.
591 2965 698 3030 Tabas
720 3002 758 3012 -
780 2968 934 3051 oppidum
957 2975 1008 3036 est
1029 2972 1067 3037 in
1087 2972 1146 3038 Pa

129 3058 296 3120 raetacene
319 3055 434 3120 ultima
457 3091 497 3103 -
521 3054 681 3138 pervenit:
713 3054 759 3118 ibi
781 3056 970 3140 transfugae
992 3061 1149 3126 nuntiant

94 3143 339 3228 apraecipitem
359 3142 439 3227 iuga
461 3141 580 3207 Bactra
600 3144 709 3224 petere
731 3140 882 3207 Dareum.
921 3141 1072 3213 Certiora
1094 3149 1146 3214 de·

130 3230 204 3296 inde
232 3229 398 3314 cognoscit
425 3251 463 3295 ex
486 3228 662 3314 Bagistane
685 3226 882 3312 Babylonio:
909 3251 974 3298 neu
996 3235 1146 3318 equidem

130 3319 274 3384 vinctum
300 3337 423 3402 regem,
455 3317 511 3382 sed
537 3317 573 3382 in
599 3316 742 3401 periculo
770 3337 839 3382 esse
866 3321 923 3382 aut
949 3323 1066 3388 mortis
1090 3326 1147 3389 aut

87 3427 108 3474 4
130 3407 331 3472 vinculorum
350 3404 549 3470 adfirmabat.
583 3403 653 3470 Rex
670 3403 804 3469 ducibus
820 3409 1014 3491 convocatis,
1032 3409 1145 3477 ‘Maxi-

106 3493 225 3581 mum}
251 3495 378 3583 inquit,
415 3492 523 3583 ‘opus,
556 3491 613 3560 sed
639 3491 732 3558 labor
757 3491 968 3558 brevissimus
989 3502 1145 3579 superest
