2370 3834
256 129 510 186 fflssoumaun
527 127 743 185 ALEXANDRI
762 129 848 200 VHH,
866 135 892 184 2.
1015 131 1079 196 231

69 274 208 342 vanitas.
240 272 293 340 Sic
308 271 442 340 Ciliciae
459 273 583 358 fauces,
602 275 648 340 sic
665 273 922 359 Mesopotamiae
941 297 1082 360 campos,

69 363 198 450 Tigrim
230 367 263 427 et
294 360 499 447 Euphraten,
531 385 667 448 quorum
693 364 832 428 alterum
858 363 941 429 vado
965 365 1083 429 transi-

70 453 187 536 vimus,
200 451 340 517 alterum
353 455 461 535 ponte,
480 452 657 516 terribilem
675 452 819 517 fecerant
831 451 959 518 Persae.
981 451 1082 517 Num·
1102 462 1136 513 14

72 562 172 625 quam
185 538 226 604 ad
245 539 403 623 liquidum
416 538 505 604 fama
522 540 721 625 perducitur,
741 540 851 605 omnia
863 540 922 606 illa
935 541 1084 608 tradente

71 629 197 694 maiora
219 633 297 693 sunt
320 648 404 693 vero.
443 626 565 693 Nostra
588 651 716 712 quoquc
739 628 857 714 gloria,
880 650 954 695 cum
978 631 1022 694 sit
1045 652 1084 694 ex

71 716 192 796 solido,
214 715 288 801 plus
311 720 423 782 tamen
443 715 544 782 habet
560 717 702 781 nominis
722 739 817 802 quam
837 718 952 802 operis.
985 717 1082 784 Modo
1103 727 1136 778 1⁵

71 805 145 890 quis
158 805 272 869 beluas
286 804 457 870 offerentes
472 805 635 871 moenium
649 805 797 889 speciem,
813 807 884 890 quis
895 805 1085 889 Hydaspem

72 910 211 977 amnem,
234 893 305 977 quis
325 896 432 958 cetera
450 892 563 958 auditu
580 893 706 959 maiora
723 915 820 978 quam
837 915 914 959 vero
933 895 1084 960 sustineri

70 1002 168 1067 posse
191 981 365 1064 credebat?
411 979 512 1065 Olim,
538 980 682 1065 hercule,
710 981 905 1065 fugissemus
932 1004 971 1047 ex
993 982 1084 1066 Asia,

72 1070 102 1136 si
129 1091 188 1134 nos
220 1069 351 1134 fabulae
381 1068 544 1136 debellare
570 1071 762 1154 potuissent
812 1067 995 1136 Creditisne
1023 1072 1138 1136 ele-16

70 1157 270 1242 phantorum
288 1177 403 1243 greges
422 1159 561 1223 maiores
580 1181 665 1242 esse,
687 1180 784 1242 quam
804 1181 943 1242 usquam
962 1181 1086 1224 armeu-

70 1250 180 1311 torum
195 1249 279 1325 sunt,
297 1267 371 1311 cum
385 1248 418 1310 et
430 1268 541 1311 rarum
555 1247 600 1311 sit
614 1248 733 1312 animal
751 1268 810 1312 nec
827 1248 924 1312 facile
938 1249 1087 1331 capietur

73 1333 241 1417 multoque
268 1332 433 1413 difficilius
457 1335 646 1419 mitigetur?
691 1334 794 1420 Atqui
822 1335 934 1401 eadem
956 1337 1138 1402 vanites1⁷

72 1422 183 1506 copias
208 1421 355 1506 peditum
378 1423 584 1507 equitumque
607 1425 799 1488 numeravit.
844 1422 930 1489 Nam
957 1424 1087 1508 flumen,

72 1533 136 1596 quo
164 1510 264 1574 latius
292 1510 400 1575 fusum
428 1514 491 1595 est,
517 1510 580 1575 hoc
606 1511 764 1595 placidius
788 1516 935 1597 stagnat:
967 1513 1087 1597 quippe

72 1598 223 1683 angustis
240 1599 322 1682 ripis
341 1599 482 1664 coercita
505 1603 537 1664 et
559 1599 593 1663 in
615 1601 836 1684 angustiorem
855 1601 983 1667 alveum
1006 1602 1088 1667 elisa

73 1690 234 1752 torrentes
257 1709 359 1772 aquas
382 1687 553 1771 invehunt,
582 1691 695 1752 contra
718 1688 825 1773 spatio
850 1689 933 1754 alvei
956 1689 1088 1773 segnior

72 1797 187 1841 cursus
206 1778 265 1840 est.
306 1776 477 1842 Praeterea
495 1776 530 1840 in
547 1775 620 1860 ripa
639 1797 733 1841 omne
752 1777 932 1860 periculum
950 1780 1010 1860 est,
1030 1777 1087 1842 ubi
1108 1786 1140 1838 18

71 1863 275 1948 adplicantes
293 1864 427 1947 navigia
450 1862 555 1929 hostis
575 1868 734 1948 expectat.
769 1865 822 1929 Ita
840 1869 1087 1949 quantumcum-

71 1952 288 2106 quqdflqmen
303 1953 506 2105 'inqervenit
532 1951 626 2105 sidqm
657 1953 804 2105 futuruqq
836 1953 1008 2018 discrimen
1031 1957 1088 2105 sqlslt

71 2062 112 2106 ev
155 2062 195 2104 en
210 2063 278 2105 ium
299 2063 335 2105 1n
373 2062 487 2106 errem.
556 2062 573 2104 e
619 2062 815 2107 omma1sa
837 2063 916 2106 vera
938 2063 1008 2105 esse
1077 2078 1088 2088 -

71 2149 198 2215 gamus.
242 2127 403 2194 Utrumne
426 2150 485 2193 vos
508 2129 698 2214 magnitudo
723 2128 892 2194 beluarum
916 2152 957 2193 an
980 2130 1087 2194 multi·
1108 2141 1140 2189 19

34 2216 153 2283 9tudo
185 2216 329 2282 hostium
355 2217 478 2281 terret?
525 2216 618 2293 Quod
649 2219 792 2303 pertinet
819 2218 860 2283 ad
887 2217 1088 2303 elephantos,

71 2326 226 2391 praesens
263 2305 420 2369 habemus
453 2305 650 2390 exemplum:
687 2307 723 2371 in
755 2319 839 2372 suos‘
865 2306 1088 2372 vehementius

72 2415 172 2478 quam
199 2393 234 2458 in
261 2415 320 2457 nos
344 2394 600 2477 incucurrerunt,
627 2398 696 2457 tam
721 2398 815 2459 vasta
839 2416 975 2479 corpora
1000 2416 1088 2460 secu-

71 2483 164 2547 ribus
186 2481 390 2564 falcibusque
413 2481 564 2545 mutilata
584 2485 668 2546 sunt.
707 2481 791 2558 Quid
810 2487 918 2547 autem
941 2483 1087 2566 interest,
1106 2493 1140 2543 2ο

72 2569 212 2636 totidem
235 2571 315 2652 sint,
342 2571 423 2652 quot
449 2567 552 2633 Porus
583 2568 712 2649 habuit,
745 2592 787 2634 an
813 2588 853 2634 111
880 2571 984 2654 milia,
1017 2592 1089 2635 cum

72 2680 140 2723 uno
168 2661 226 2722 aut
252 2658 356 2723 altero
384 2657 563 2723 vulneratis
590 2657 748 2723 cideomm
770 2660 893 2722 ceteros
916 2658 951 2722 in
977 2658 1089 2743 fugam

73 2746 252 2812 declinari?
301 2744 385 2809 Dein
414 2764 533 2830 paucos
566 2767 693 2830 quoque
725 2746 926 2810 incommode
958 2750 1089 2832 regunt:
1107 2757 1141 2807 21

73 2839 274 2920 congregata
300 2855 376 2898 vero
409 2837 460 2898 tot
486 2833 578 2898 milia
609 2833 682 2917 ipsa
716 2856 749 2898 se
782 2834 915 2918 elidant,
946 2836 1002 2900 ubi
1030 2857 1089 2901 nac

73 2928 162 2989 stare
187 2944 248 2987 nec
270 2921 381 3007 fugere
409 2922 576 3004 potuerint
599 2922 759 2987 inhabiles
787 2926 955 2989 vastorum
979 2944 1089 3007 corpo·

73 3033 148 3077 rum
179 3011 291 3076 moles.
346 3010 504 3093 Equidem
537 3011 583 3074 sic
616 3010 771 3076 animalia
802 3012 867 3076 ista
899 3012 1090 3096 contempsi,

72 3103 125 3182 ut,
148 3120 222 3165 cum
244 3098 398 3163 haberem
419 3099 503 3183 ipse,
525 3119 592 3162 non
610 3100 830 3183 opposuerim‚
855 3100 936 3164 satis
960 3121 1089 3184 marus,

72 3188 148 3273 plus
183 3188 250 3253 suis
283 3209 380 3272 quam
410 3186 560 3252 hostibus
591 3187 728 3270 periculi
755 3185 882 3254 inferre.
931 3187 978 3252 At
1004 3190 1089 3253 enim
1107 3200 1142 3249 22

74 3275 221 3361 equitum
248 3275 456 3359 peditumque
479 3275 653 3340 multitudo
680 3298 738 3340 vos
766 3277 963 3341 commovet!
1008 3275 1090 3342 (lum

72 3364 187 3448 paucis
220 3364 307 3428 enim
342 3384 489 3448 pugnare
524 3364 615 3430 soliti
647 3365 725 3430 estis
758 3368 792 3429 et
827 3386 913 3429 nuuc
949 3365 1089 3447 primum

78 3453 278 3519 inconditam
302 3451 505 3517 sustinebitis
527 3453 666 3518 turbam.
705 3452 811 3518 Testis
835 3453 988 3517 adversus
1008 3452 1088 3516 mul·
1107 3464 1143 3514 23

72 3541 249 3608 titudinem
275 3541 389 3607 invicti
412 3540 630 3608 Macedonum
652 3541 790 3608 roboris
808 3540 981 3605 <tremens
1000 3537 1119 3630 anema
