2356 3846
118 157 183 220 172
490 158 522 223 o.
542 156 653 213 cusrr
670 154 758 211 eurr
882 131 885 136 '

118 322 237 367 sumus.
277 298 371 366 Unus
395 301 499 366 amnis
523 300 694 366 interfluit:
723 320 819 383 quern
843 299 872 364 si
893 297 1076 379 traicimus,
1098 297 1133 360 in

65 405 100 453 14
117 389 283 472 Europam
310 410 401 453 arma
427 388 631 472 proferimus.
680 386 725 452 Et
752 387 866 471 quanti
896 384 1134 451 aestimandum

119 480 179 561 est,
202 475 277 540 dum
299 475 414 541 Asiam
438 477 633 562 subigimus,
654 477 690 541 in
714 476 778 540 alio
797 473 1035 559 quodammodo
1055 472 1135 537 orbe

118 566 255 646 tropaea
277 567 489 649 statuereet,
512 586 593 651 qnae
616 568 684 629 tam
706 564 805 648 longo
824 562 997 628 intervallo
1016 564 1136 627 natura

66 664 101 714 15
122 651 247 717 videtur
266 653 443 736 diremisse,
460 674 526 718 una
543 652 680 718 victoria
699 652 809 717 subito
826 649 1052 719 committere?
1087 649 1137 714 At

118 739 263 823 hercule,
295 741 324 805 si
359 741 495 825 paulum
526 741 771 823 cessaverimus,
806 741 841 805 in
876 739 978 824 torgis
1010 738 1136 802 nostris

120 826 260 912 Scythae
301 828 489 894 haerebunt.
527 829 596 898 ,An
636 830 697 894 soli
738 850 865 910 sumus,
905 827 960 910 qui
999 826 1138 891 flumina

119 919 289 981 transnare
311 917 506 1000 possumus?
551 917 658 983 Multa
684 919 717 981 in
740 916 957 999 nosmetipsos
981 914 1137 998 recident,

67 1018 101 1068 re
122 1005 239 1087 quibus
273 1005 377 1070 adhuc
406 1006 551 1071 vicimus.
600 1004 747 1071 Fortuna
779 1004 859 1069 belli
891 1009 995 1069 artem
1027 1003 1136 1068 victos

122 1113 248 1176 quoque
276 1094 379 1158 docet.
426 1093 562 1160 Utribus
595 1115 722 1159 amnem
753 1093 924 1159 traiciendi
950 1091 1137 1175 exemplum

120 1179 255 1246 fecimus
292 1203 411 1265 nuper:
457 1181 532 1266 hoc,
568 1185 606 1246 ut
642 1181 782 1264 Scythae
818 1181 941 1246 imitari
976 1180 1138 1262 nesciant,

70 1281 102 1330 17
120 1267 289 1333 Bactriani
308 1269 477 1336 docebunt.
512 1268 684 1336 Praeterea
701 1291 784 1334 unus
804 1269 913 1352 gentis
930 1268 1028 1332 huius
1049 1290 1137 1332 exer·

122 1355 205 1420 citus
229 1356 333 1421 adhuc
355 1357 457 1442 venit,
486 1358 584 1423 ceteri
608 1361 825 1441 expectantur.
864 1357 917 1422 Ita
944 1356 1065 1422 bellum
1090 1357 1137 1421 vi·

121 1443 221 1508 tando
254 1445 376 1509 alemus
409 1448 455 1528 et,
490 1445 576 1530 quod
612 1446 731 1510 inferre
765 1467 952 1530 possumus,
989 1445 1136 1528 accipere

69 1543 103 1593 18
122 1549 284 1612 cogemur.
328 1531 505 1599 Manifesta
532 1537 582 1599 est
609 1534 738 1598 consilii
769 1535 834 1598 mei
860 1534 954 1598 ratio.
1001 1530 1064 1597 Sed
1094 1555 1135 1600 an

121 1620 312 1702 permissuri
330 1620 397 1685 sint
415 1622 497 1686 mihi
510 1620 700 1687 Macedones
720 1623 828 1686 animo
846 1622 896 1687 uti
909 1642 992 1704 meo,
1011 1620 1137 1703 dubito,

122 1709 212 1791 quia,
236 1729 275 1773 ex
294 1731 357 1792 quo
376 1709 438 1774 hoc
456 1710 573 1775 vulnus
592 1710 714 1793 accepi,
736 1731 804 1774 non
822 1731 904 1794 equo
923 1713 1035 1774 vectus
1053 1731 1137 1792 snm,

121 1815 189 1859 non
211 1796 346 1879 pedibus
369 1797 545 1880 ingressus.
581 1795 644 1863 Sed
668 1799 695 1862 si
713 1819 765 1862 me
786 1798 876 1882 sequi
895 1796 1009 1881 vultis,
1032 1798 1139 1876 valeo,

68 1895 102 1944 ra
121 1883 226 1949 amici.
272 1883 359 1949 Satis
391 1886 511 1951 uirium
544 1888 594 1950 est
621 1885 662 1951 ad
690 1885 862 1951 toleranda
890 1886 969 1950 ista:
1001 1888 1073 1969 ant,
1107 1885 1137 1949 si

120 1971 187 2035 iam
224 1972 316 2037 adest
347 1972 433 2038 vitae
465 1994 557 2039 meae
593 1973 681 2056 finis,
709 1974 744 2038 in
777 1996 841 2058 quo
872 1972 1004 2039 tandem
1037 1995 1137 2056 opere

67 2059 237 2124 romelius
265 2060 457 2144 extinguar?
506 2061 597 2126 Haec
627 2083 745 2144 quassa
777 2060 882 2127 adbuc
912 2083 990 2127 voce
1019 2062 1162 2132 subde-3

120 2145 232 2211 ficiens
250 2148 305 2211 rix
328 2148 485 2230 proximis
504 2149 748 2214 exaudientibus
772 2150 906 2228 dixerat,
928 2171 1004 2216 curn
1022 2171 1134 2215 omnes

121 2257 141 2298 a
163 2238 232 2299 tam
259 2236 432 2318 praecipiti
458 2237 594 2302 consilio
621 2257 731 2322 regem
759 2238 920 2304 deterrere
948 2243 1134 2322 coeperunt,

67 2335 101 2385 21
120 2320 274 2407 Erigyius
292 2326 444 2408 maxime,
463 2324 531 2408 qui,
548 2325 636 2390 haud
654 2347 731 2390 sane
749 2327 943 2391 auctoritate
960 2327 1134 2411 proficiens

121 2410 207 2494 apud
221 2411 425 2476 obstinatum
444 2414 596 2497 animum,
615 2415 889 2499 superstitionem,
907 2415 997 2480 cuius
1015 2421 1133 2500 potens

120 2520 187 2565 non
206 2504 276 2565 erat
293 2520 364 2585 rex,
386 2501 529 2566 incutere
549 2502 721 2587 temptavit
739 2502 886 2582 dicendo,
909 2503 985 2569 deos
1005 2525 1134 2590 quoque

67 2601 102 2650 aa
121 2588 251 2655 obstare
288 2589 424 2655 consilio
460 2610 677 2675 magnumque
713 2592 909 2675 periculum,
947 2592 975 2657 si
1011 2593 1135 2659 flumen

120 2679 308 2761 transisset,
344 2679 480 2745 ostandi.
532 2679 676 2745 Intranti
710 2679 848 2764 Erigyio
886 2681 1134 2748 tabernaculum

119 2765 206 2850 regis
229 2765 423 2832 Aristander
449 2773 644 2850 occurrerat,
670 2768 780 2834 tristia
809 2772 884 2834 exta
909 2769 1011 2836 inisse
1033 2771 1135 2855 signi-

67 2864 102 2914 23
121 2852 235 2919 ficans:
254 2853 333 2918 haec
352 2876 391 2920 ex
408 2858 483 2921 vate
502 2861 656 2939 conperta
669 2856 824 2942 Erigyius
843 2858 1024 2923 nuntiabat.
1062 2859 1132 2936 Quo

119 2939 260 3005 inhibito
284 2943 466 3010 Alexander
492 2965 559 3010 non
586 2945 636 3008 ira
659 2945 776 3024 solum,
804 2947 982 3012 sedetiam
1008 2947 1132 3032 pudore

120 3027 287 3111 confusus,
319 3032 405 3115 quod
437 3032 636 3116 superstitio,
668 3054 765 3116 quam
797 3035 972 3120 celaverat,
1002 3035 1131 3122 detege

66 3129 102 3182 24
120 3116 226 3195 batur,
244 3116 472 3186 Aristandrum
489 3120 599 3185 vocari
616 3120 714 3186 iubet.
751 3120 813 3198 Qui
831 3127 868 3188 ut
885 3124 982 3206 venit,
999 3125 1132 3191 intuens

120 3227 206 3289 eum,
238 3203 325 3271 ‘Non
351 3208 430 3291 rex',
455 3209 576 3294 inquit,
607 3207 675 3273 ‘sed
701 3210 846 3293 privatus
875 3213 1069 3279 sacrificium
1096 3216 1136 3279 nt

119 3294 242 3359 faceres
278 3296 443 3362 mandavi:
478 3297 556 3382 quid
588 3319 626 3362 eo
658 3299 915 3385 portenderetur,
951 3322 1008 3366 cur
1045 3299 1133 3386 apud

120 3384 220 3449 aliurn
244 3405 341 3469 quam
363 3386 448 3470 apud
471 3406 523 3451 me
545 3386 788 3471 professuros?
833 3386 989 3473 Erigyius
1014 3411 1139 3456 arcana

101 3491 182 3539 mea
210 3477 247 3540 et
275 3477 406 3542 secreta
438 3477 471 3541 tc
498 3474 653 3562 prodente
685 3477 849 3561 cognovit:
881 3498 977 3562 quem
1008 3483 1137 3544 certum

84 3561 284 3632 mehercule
321 3567 434 3638 babeo
469 3570 625 3636 extorum
656 3566 838 3652 intarprete
864 3565 920 3629 aa
950 3570 1044 3629 metu
1068 3587 1143 3630 suo.
