2356 3846
408 737 456 840 Q.
482 736 675 822 OURTI
708 738 862 823 RUFI

505 891 760 948 HISTORIARUM

270 1053 711 1152 ALEXANDRI
750 1054 999 1152 MAGNI

484 1243 777 1311 MACEDONIS

527 1400 636 1454 urana
654 1401 726 1454 vni.

567 1542 646 1609 Ore.
667 1541 694 1608 Ι.

90 1685 106 1733 1
214 1666 400 1732 Alexander
423 1666 545 1731 maiore
568 1666 657 1730 fama
680 1687 777 1750 quam
800 1666 907 1750 gloria
925 1667 959 1730 in
978 1666 1163 1734 dicioneml

125 1757 255 1822 redacta
277 1760 383 1839 petra,
405 1776 478 1818 oum
496 1757 629 1837 propter
647 1773 766 1838 vagum
784 1753 912 1819 hostem
927 1757 1137 1840 spargendae

125 1867 242 1910 manus
270 1846 390 1926 essent,
416 1843 452 1906 in
478 1845 544 1906 tres
571 1845 680 1924 partes
709 1842 819 1906 divisit
839 1844 1026 1908 exereitum.
1071 1843 1137 1909 He·

124 1932 351 2016 phaestionem
378 1930 447 2013 uni,
481 1926 613 1994 Coenon
640 1929 736 1994 alteri
763 1929 859 1995 duoes
887 1930 1033 1995 dederat:
1066 1932 1136 2016 ipse

89 2021 240 2085 austeris
267 2021 424 2102 praeerat
469 2015 532 2080 Sel
553 2039 620 2081 non
642 2017 753 2082 eadem
775 2039 866 2082 mens
889 2019 1040 2083 omnibus
1062 2020 1137 2085 bar-

124 2108 212 2172 baris
239 2107 311 2171 fuit.
361 2104 472 2169 Armis
500 2105 630 2187 quidam
657 2105 796 2188 subacti,
828 2104 936 2188 plures
965 2111 1043 2171 ante
1070 2129 1137 2172 oer-

124 2199 236 2260 tamen
261 2194 421 2276 imperata
447 2191 605 2276 fecerunt,
637 2192 755 2275 quibus
783 2214 907 2272 eorum,
938 2195 995 2277 qui
1021 2195 1057 2259 in
1084 2196 1137 2260 de·

123 2282 263 2348 faotione
280 2284 573 2364 perseveraverant,
589 2281 686 2345 urbes
705 2301 865 2365 agrosque
879 2281 976 2348 iussit
988 2283 1136 2350 attribui

89 2388 105 2436 e
124 2369 171 2435 At
189 2370 297 2434 exules
315 2368 481 2433 Bactriani
500 2389 572 2432 eum
588 2385 678 2433 noco
692 2368 950 2453 Massagetarum
969 2371 1135 2454 equitibus

123 2459 288 2543 proximos
312 2457 401 2522 vioos
423 2459 640 2521 vastaverunt.
684 2456 738 2520 Ad
761 2476 840 2540 quos
864 2458 1056 2523 ooeroendos
1074 2459 1134 2523 Aa

122 2549 219 2630 tinas,
236 2545 379 2630 regionis
398 2544 466 2608 eius
486 2544 677 2627 praefectus,
699 2561 762 2610 000
781 2545 915 2628 equites,
931 2546 1134 2630 insidiarum,

87 2651 206 2717 equae
228 2634 441 2717 parabantur,
468 2633 615 2718 ignarus,
638 2634 757 2698 eduxit.
800 2631 949 2716 Namque
971 2633 1078 2698 hostis
1100 2636 1136 2699 in

123 2722 215 2785 silvis
245 2755 284 2768 -·
314 2726 347 2785 et
373 2723 467 2785 erant
491 2721 578 2784 forte
604 2743 718 2804 eampo
745 2721 873 2786 iunctae
899 2754 943 2767 -
971 2726 1134 2787 muratum

123 2809 260 2872 militem
283 2808 428 2874 oondidit
449 2809 561 2891 paucis
586 2808 842 2892 propellentibus
864 2829 996 2892 peoora,
1022 2815 1061 2874 ul
1088 2811 1134 2875 in·

88 2896 295 2980 aprovidum
327 2896 367 2962 ad
394 2895 527 2960 insidias
555 2895 675 2978 praeda
700 2896 896 2979 perduceret.
943 2896 1059 2982 Itaque
1088 2899 1134 2963 in·

123 2983 293 3064 oonposito
315 2982 445 3068 agmine
464 2983 645 3068 solutisque
662 2976 831 3050 ordinibus
849 2984 981 3050 Attinas
999 2986 1134 3068 praeda·

122 3069 248 3135 bundas
272 3072 481 3154 sequebatur:
506 3092 601 3154 quem
622 3075 899 3156 praetergressum
922 3074 1053 3157 silvam,
1076 3074 1134 3158 qui

123 3158 159 3225 in
181 3179 220 3222 ea
243 3158 467 3241 consederant,
494 3181 534 3223 ex
555 3159 722 3243 inproviso
751 3161 857 3225 adorti
885 3182 957 3225 oum
984 3162 1134 3227 omnibus

88 3267 105 3315 o
122 3247 362 3311 interemerunt.
400 3245 557 3312 Celeriter
570 3247 611 3312 ad
625 3244 796 3313 Craterum
813 3248 909 3314 huius
929 3249 1031 3314 eladis
1044 3250 1136 3315 fama

115 3335 249 3417 perlata
276 3338 339 3417 est,
371 3335 426 3419 qui
453 3356 526 3399 oum
556 3335 644 3399 omni
671 3335 818 3418 equitatu
846 3339 1039 3420 supervenit.
1089 3338 1137 3404 Et

102 3420 323 3511 Massagetae
346 3423 479 3511 quidem
503 3422 571 3491 iam
591 3422 796 3509 refugerant:
823 3424 939 3488 Dahae
960 3425 1053 3491 mille
1077 3447 1135 3510 op-
