2370 3834
492 165 712 229 ,17-

90 325 254 391 stantinus
282 325 353 409 ipse
384 325 554 410 coniugem
584 346 675 390 suam
704 325 745 390 ad
768 325 963 410 hospitium,
988 327 1024 391 in
1047 349 1110 411 quo

89 419 231 480 matrem
249 436 343 478 suam
360 413 520 479 Helenam
540 416 617 480 ante
637 418 794 498 quattuor
813 437 915 480 annos
934 415 1111 499 dimiserat,

89 524 199 570 secum
221 503 381 587 perduxit.

178 591 223 656 Et
251 593 412 656 intrantes
440 593 572 657 domum
600 592 725 677 pariter
748 592 875 657 Helena
896 597 1003 657 mater
1026 590 1110 658 0011-
1120 589 1164 655 27

59 681 227 748 seranum
255 703 327 746 cum
354 681 490 746 vidisset
517 680 622 747 filium
649 683 688 746 de
715 681 870 766 pretiosis
894 682 1040 747 vestibus
1063 683 1112 747 in·

88 771 203 836 dutum
235 775 268 834 ct
299 792 407 835 secum
434 774 505 836 tam
532 770 677 836 nobilem
704 775 837 855 tumque
868 770 1040 854 pulchram
1073 792 1112 836 ac

88 860 171 925 bene
200 863 350 924 ornatam
380 859 549 924 mulierem
579 862 761 944 gerentem,
796 881 870 925 eum
901 883 921 924 a
949 859 1110 943 principio

88 970 156 1014 non
191 948 346 1032 cognovit
380 970 479 1033 seque
506 949 542 1013 in
573 971 713 1033 persona
743 948 804 1013 filii
835 948 906 1013 fore
939 949 1111 1032 deceptam

89 1038 287 1103 aestimavit.
324 1034 387 1101 Sed
412 1059 485 1102 cum
504 1035 737 1103 Constantinus
757 1039 788 1102 ei
806 1040 912 1102 totam
930 1037 979 1101 rei
998 1041 1110 1121 gestae

49 1145 76 1184 10
90 1126 207 1192 seriem
225 1129 339 1210 utpote
359 1127 500 1211 qualiter
519 1127 789 1192 amercatoribus
807 1126 965 1191 Romanis
985 1149 1004 1190 a
1021 1128 1111 1211 prin·

89 1216 176 1298 cipio
204 1218 317 1298 captus
346 1221 379 1279 et
405 1216 440 1278 in
468 1215 618 1280 domibus
647 1216 794 1300 ipsorum
823 1216 976 1280 educatus
1002 1215 1110 1299 fuerit,

89 1305 228 1388 qualiter
252 1325 381 1387 quoque
404 1304 464 1368 sub
483 1305 615 1369 nomine
637 1305 699 1368 filii
721 1305 927 1389 imperatoris
947 1304 988 1368 ad
1012 1303 1110 1369 Grae·

88 1394 174 1458 ciam
191 1393 366 1477 perductus
386 1391 450 1456 sibi
467 1414 623 1475 psaesens
642 1394 768 1477 mulier,
785 1393 993 1477 imperatoris
1012 1391 1110 1458 Grae·

72 1499 200 1546 'corum
227 1480 310 1565 filia,
338 1481 373 1544 in
403 1503 536 1545 uxorem
569 1482 694 1547 sociata
718 1482 881 1547 exstiterit
908 1505 946 1547 ac
970 1482 1110 1566 qualiter

48 1586 74 1628 rs
87 1570 178 1654 ipsos
203 1569 280 1634 dicti
303 1574 501 1635 mercatores
524 1571 560 1634 in
581 1571 689 1636 insula
711 1575 750 1636 ut
772 1571 858 1635 fame
881 1570 1109 1653 interficerent,

87 1658 280 1739 dimiserant
304 1662 336 1723 et
360 1681 435 1724 casu
455 1659 512 1724 alii
536 1663 733 1724 mercatores
757 1659 879 1724 ibidem
902 1663 1108 1724 transeuntes
1152 1666 1159 1677 “

86 1769 144 1812 eos
173 1748 214 1812 ad
241 1746 381 1813 Romam
409 1747 640 1832 perduxerant,
667 1770 801 1813 narrare
824 1748 1016 1831 incepisset,
1045 1770 1109 1832 quo

87 1836 200 1901 audito
228 1835 355 1901 Helena
379 1858 477 1919 supra
506 1837 639 1901 modum
665 1837 849 1921 stupefacta
874 1836 978 1900 filium
1002 1835 1110 1919 coepit

86 1924 280 2008 diligentius
304 1926 429 2008 {intueri
457 1929 490 1990 et
518 1931 587 1990 tam
619 1948 658 1990 ex
684 1925 817 2009 loquela
845 1946 943 2008 quam
973 1946 1012 1988 ex
1036 1945 1107 2007 spc-

45 2014 226 2078 socialibus
241 2014 354 2099 gestis,
373 2035 454 2098 quos
473 2014 580 2098 ipsum
593 2015 628 2078 in
641 2014 809 2079 iuventute
823 2015 962 2078 noverat
977 2012 1109 2097 habere,

86 2125 186 2187 quam
205 2104 304 2168 etiam
324 2103 397 2167 aliis
417 2102 545 2166 indiciis
562 2103 670 2187 magis
686 2124 724 2167 ac
738 2101 844 2186 magis
863 2102 972 2185 ipsum
991 2122 1109 2186 cogno·

86 2212 176 2256 scere
190 2192 313 2276 incepit
322 2214 381 2255 nec
390 2194 502 2256 tamen
511 2197 645 2275 propter
655 2191 733 2255 facti
743 2191 961 2274 quantitatem
977 2194 1108 2274 stupen-
1123 2198 1128 2206 '

85 2280 162 2344 darn
176 2281 288 2363 potuit
301 2280 433 2345 reddere
448 2279 529 2345 satis
544 2286 676 2365 certam,
691 2283 802 2345 tamen
817 2279 986 2364 compulsa
998 2301 1109 2344 amore

86 2391 121 2433 se
145 2369 250 2452 ipsam
274 2368 395 2433 diutius
410 2369 574 2433 continere
588 2391 654 2433 non
671 2369 783 2434 valens
803 2368 943 2453 procidit
960 2368 995 2432 in
1014 2368 1108 2433 lacri-

41 2475 69 2518 ss
85 2480 157 2522 mas
181 2461 214 2522 et
236 2480 315 2542 prae
337 2457 457 2542 gaudio
482 2457 685 2521 amarissime
707 2457 784 2521 flere
809 2457 925 2541 coepit.

176 2545 221 2610 Et
258 2567 393 2631 surgens
430 2568 503 2610 cum
540 2545 732 2610 festinantia
768 2545 877 2630 ipsum
917 2545 1105 2628 amplexata
1115 2539 1158 2606 28

85 2657 224 2718 eumque
261 2639 419 2719 tanquam
451 2635 556 2698 filium
593 2656 688 2699 suum
721 2634 928 2720 unigenitum
964 2633 1106 2699 materni

85 2724 190 2790 osculi
214 2724 381 2788 dulcedine
403 2722 527 2807 recepit
551 2723 674 2788 dicens:
708 2721 783 2787 ‘Fili
811 2723 858 2787 mi
885 2722 1105 2804 dilectissime,

84 2812 169 2878 bene
202 2813 343 2896 veneris3
382 2812 459 2876 deus
492 2812 697 2896 omnipotens
732 2812 775 2877 sit
808 2811 1011 2893 benedictus,
1049 2812 1106 2897 qui

40 2922 72 2964 rc
85 2905 119 2966 te
141 2902 223 2966 mihi
245 2902 404 2985 restituit,
433 2900 564 2965 unicum
587 2901 698 2966 lumen
719 2923 842 2985 meum,
866 2898 1037 2965 benedicta
1061 2900 1105 2964 sit

85 2990 155 3055 dics
174 2991 249 3073 ista,
271 2991 305 3054 in
324 3012 389 3074 qua
409 2995 441 3054 te
461 2991 578 3074 recepi,
601 2990 641 3054 dc
659 2989 749 3054 cuius
768 2989 1014 3072 recuperatione
1038 2990 1106 3054 iam

84 3079 207 3143 dudum
232 3101 325 3143 eram·
343 3078 528 3165 desperata3
550 3079 648 3143 hodie
667 3079 744 3143 deus
764 3078 974 3143 afflictionem
997 3099 1104 3142 meam

160 3243 175 3290 2
196 3236 317 3304 quatuor
335 3237 411 3290 codd.
485 3243 500 3290 ⁷
520 3237 665 3306 gerentem
683 3237 783 3304 scripsi
800 3251 855 3305 pro
874 3236 975 3291 codicis
993 3236 1024 3290 F
1038 3238 1106 3291 scri-

80 3314 173 3392 ptu-ra
196 3308 304 3362 reieute
329 3311 543 3377 (reincemtemlp
567 3309 599 3361 ia
617 3307 647 3360 D
668 3308 734 3360 tace
751 3323 805 3361 coa
823 3308 910 3362 deleta
928 3313 974 3361 est.
1073 3313 1105 3360 1¹1

85 3379 214 3450 ipsorum
232 3380 275 3444 D,
298 3395 395 3432 corum
419 3379 455 3433 F.
548 3384 580 3433 15
604 3376 697 3430 insula
714 3378 758 3444 D,
782 3376 904 3431 insulam
922 3379 958 3434 F.
979 3409 1011 3419 -
1031 3377 1106 3432 inui-

86 3452 197 3508 0010οω
213 3451 351 3521 penninas
369 3467 423 3506 esse
441 3451 549 3505 videtur
567 3453 598 3503 at
615 3450 647 3502 in
665 3450 755 3518 cupite
773 3453 818 3506 48.
1083 3462 1086 3467 ·

143 3551 230 3590 Incerti
244 3551 345 3591 auctoris
359 3551 387 3591 de
402 3549 552 3591 constantino
566 3556 658 3598 magno.
931 3544 959 3588 ἢ.
