2356 3846
231 187 487 243 maronianum
503 187 719 244 ALEXANDRI
737 189 811 258 VIII,
831 196 856 246 8.
876 196 900 246 9.
1006 190 1072 255 207

54 333 178 403 venire.
214 331 318 408 uuam
333 332 471 417 gloriam
484 337 530 418 tu,
547 333 719 417 parricida,
732 334 925 419 intercipere
939 335 1073 400 voluisti

58 425 93 486 et
115 419 309 486 Macedonas
332 441 409 506 rege
433 421 583 505 adempto
611 420 746 487 devietis
773 424 925 507 gentibus
948 423 1073 488 dedere.

57 508 108 574 Ao
138 529 225 574 nuno
252 527 364 574 mones
397 529 462 594 me,
493 513 531 576 ut
561 510 678 575 vestris
705 512 895 594 parentibus
927 513 1071 595 paream!
1092 523 1127 573 18

56 595 135 663 Non
160 596 334 681 oportebat
364 598 493 682 quidem
526 619 584 664 vos
616 599 711 677 seire,
744 599 820 684 quid
853 599 892 665 de
923 600 974 665 his
1007 604 1072 665 sta·

57 685 207 770 tuissam,
226 706 290 769 quo
309 685 469 752 tristiores
488 687 653 770 periretis,
671 687 699 751 si
713 709 778 772 qua
792 687 884 753 vobis
902 692 1073 772 parentum

57 774 215 840 memoria
232 777 267 839 et
283 795 362 839 eura
381 778 443 840 est:
467 775 524 840 sed
541 776 619 840 olim
641 774 742 841 istum
764 797 888 841 morem
907 776 1072 842 occidendi

57 885 131 928 oum
150 861 295 927 eoelestis
314 863 458 930 insontes
480 863 681 947 propinquos
703 867 918 949 parentesque
937 865 1020 930 solvi
1039 870 1073 929 et

56 951 213 1036 profiteor
234 951 269 1015 in
292 951 405 1016 eodem
426 951 549 1017 honore
572 951 698 1017 futuros
722 973 834 1018 omnes
857 974 926 1036 eos,
949 954 984 1018 in
1008 974 1072 1037 quo

57 1039 199 1104 fuerunt
243 1038 314 1108 Iam
336 1043 430 1107 tuum
452 1038 687 1125 Callisthenen,
715 1042 767 1106 oui
789 1041 847 1106 uni
870 1042 920 1106 vir
943 1041 1072 1126 videris,
1093 1054 1127 1103 12

59 1128 136 1212 quia
160 1128 244 1193 latro
271 1149 319 1211 es,
346 1128 428 1212 seio,
454 1127 670 1214 our—produci
698 1129 794 1196 velis:
821 1132 858 1194 ut
885 1151 992 1194 eoram
1019 1129 1072 1194 his

57 1215 192 1300 probra,
214 1236 296 1299 quae
318 1215 354 1280 in
375 1237 427 1281 me
448 1217 547 1283 modo
570 1217 688 1300 iecisti,
717 1217 803 1282 unde
826 1218 960 1303 audisti,
981 1217 1072 1282 illius

59 1325 188 1389 quoque
205 1324 262 1370 ore
281 1304 472 1370 referantur.
508 1305 625 1386 Quem,
648 1306 676 1369 si
689 1305 824 1372 Macedo
842 1310 941 1385 esset,
963 1309 1072 1371 tecum

58 1392 324 1475 introduxissem,
353 1392 580 1479 dignissimum
611 1397 645 1458 ta
677 1394 833 1478 discipulo
865 1395 1072 1480 magistrum:

10 1482 144 1547 292222
167 1479 322 1565 Olynthio
345 1502 411 1546 non
432 1482 519 1547 idem
541 1482 621 1547 iuris
645 1481 714 1546 ost?
759 1481 840 1547 Post
866 1482 947 1548 haeo
969 1483 1071 1548 oonsi-
1092 1494 1128 1543 22

58 1571 139 1636 lium
168 1568 295 1635 dimisit
324 1570 472 1654 tradique
504 1570 674 1637 damnatos
709 1570 909 1653 hominibus,
945 1571 1001 1655 qui
1033 1592 1071 1635 ex

59 1658 173 1725 eadem
204 1657 337 1724 oohorte
357 1663 476 1742 erant,
513 1658 618 1724 iussit.
672 1657 740 1742 Illi,
773 1662 811 1724 ut
846 1658 944 1722 fidem
979 1680 1072 1723 suam

59 1746 197 1814 saevitia
236 1747 308 1830 regi
348 1747 583 1830 adprobarem,
627 1747 828 1812 excruciatos
868 1750 1073 1812 necaverunt.

59 1833 278 1901 Callisthenes
309 1857 438 1919 quoque
469 1839 576 1900 tortus
609 1835 748 1917 interiit,
779 1835 853 1900 initi
882 1834 1012 1900 consilii
1038 1835 1073 1899 in
1092 1847 1126 1894 21

59 1926 157 2008 eaput
183 1923 271 2007 regis
297 1923 447 1989 innoxius
474 1923 531 1988 sed
557 1923 807 2008 haudquaquam
835 1922 929 1988 aulae
958 1926 991 1987 et
1020 1922 1073 1988 ad-

59 2011 259 2079 sentantium
302 2012 563 2077 accommodatus
600 2012 741 2097 ingenio.
799 2010 914 2096 Itaque
949 2010 1073 2075 nullius
1091 2023 1128 2073 22

59 2099 174 2166 laedes
193 2100 353 2165 vmaiorem
377 2100 461 2184 apud
477 2098 618 2175 Graecos
638 2099 824 2164 Alexandro
848 2099 1003 2165 excitavit
1025 2099 1073 2163 in·

58 2188 194 2270 sidiam,
219 2187 306 2272 quod
332 2188 516 2272 praeditum
543 2189 675 2272 optimis
702 2188 847 2254 moribus
875 2188 1073 2271 artibusque,

59 2297 167 2361 aquo
189 2278 359 2341 revocatus
383 2275 423 2341 ad
450 2278 553 2342 vitam
581 2279 663 2361 erat,
692 2297 765 2342 oum
792 2276 963 2341 interfecto
987 2273 1073 2341 Clito

58 2363 1074 2538 ldddlerileillddolhalqedldehdhadaddluzudddlddddtelitsaethnrelslddd
1093 2465 1128 2513 23

59 2541 262 2627 paenitentia
285 2544 457 2629 oonseeuta
479 2545 540 2606 est.

488 2697 568 2777 Cae.
592 2697 648 2765 IX.

10 2797 51 2872 30
153 2803 217 2872 Sed
241 2826 283 2871 ne
308 2805 413 2871 otium
442 2805 584 2871 serendis
611 2804 795 2870 rumoribus
821 2807 935 2868 natum
964 2803 1109 2887 aleretr

34 2897 96 2961 'in
118 2893 246 2960 Indiam
267 2895 384 2978 movit,
411 2914 538 2977 semper
568 2893 652 2957 bello
680 2912 778 2978 quam
805 2896 881 2976 post
903 2892 1074 2958 victoriam

59 2983 189 3049 clarior.
230 2981 325 3048 India
346 2985 417 3048 tota
439 2981 540 3047 ferme
563 2983 689 3065 spectat
712 2980 888 3064 orientem,
910 2980 1016 3045 minus
1039 2981 1110 3045 ina

59 3070 269 3138 latitudinem
284 3090 381 3155 quam
395 3075 484 3136 reeta
496 3071 629 3155 regione
643 3069 796 3155 spatiosa.
824 3068 914 3144 Quae
928 3073 1075 3134 austrum
1094 3081 1110 3130 3

60 3161 238 3244 accipiunt,
265 3159 300 3225 in
327 3159 425 3224 altius
452 3157 558 3224 terrae
584 3157 753 3241 festigium
778 3156 948 3223 exeedunt:
974 3158 1075 3242 plana

60 3253 139 3315 sunt
157 3252 265 3315 uetera
287 3247 465 3332 multisque
487 3247 608 3316 inolitis
626 3245 774 3311 amnibus
793 3243 938 3310 Caucaso
961 3251 1073 3311 monte

59 3338 143 3404 ortis
165 3336 330 3421 plaeidum
352 3357 411 3421 per
429 3356 560 3419 campos
582 3335 646 3401 iter
664 3334 832 3419 praebent.
872 3333 970 3399 Indus
994 3334 1112 3417 geli-4

60 3426 134 3493 dior
166 3429 217 3492 est
249 3446 346 3510 quam
378 3425 490 3491 aeteri:
527 3445 627 3509 aquas
658 3423 749 3489 vehit
783 3445 803 3488 a
834 3423 941 3488 oolore
973 3421 1074 3486 maris

58 3513 149 3581 haud
163 3514 303 3582 multum
321 3513 544 3580 abhorrentes.
571 3510 717 3600 Ganges,
731 3507 1095 3596 ommumaffir'xeuts
1105 3515 1133 3556 ‘s

56 3603 176 3668 ilarius
195 3602 349 3689 minius,
378 3603 420 3672 ad
444 3603 675 3673 meridianam
699 3598 885 3687 regionem
908 3586 1068 3652 hesum
1086 3582 1129 3634 e‘s»
