2356 3846
117 127 183 194 200
486 125 519 194 o.
538 124 750 183 ouarraurr

63 284 96 334 21
117 272 288 338 inveterati
300 270 401 336 moris
415 274 549 335 externa
564 269 711 334 mutatio.
737 268 808 336 Nec
821 270 994 355 quicquam
1009 291 1131 356 eorum,

118 382 199 446 quae
226 359 365 426 invicem
391 358 514 424 iactata
537 361 642 442 erant,
668 379 725 422 rex
750 356 937 443 ignorabat,
959 378 1032 434 cunr
1055 363 1132 443 post

118 449 245 532 aulaea,
268 468 349 532 quae
371 447 464 512 lectis
488 445 678 530 obduxerat,
701 448 812 511 staret.
853 445 959 530 Igitur
977 446 1017 511 ad
1040 446 1131 531 Agin

118 539 150 602 et
168 533 321 601 Cleonem
343 535 445 619 misit,
468 537 506 600 ut
524 555 671 600 sermone
693 533 786 600 finito
809 534 966 601 barbaros
989 538 1131 619 tantum,

117 645 189 689 cum
221 624 387 707 intrasset,
417 622 628 706 procumbere
656 643 713 688 suo
741 643 831 688 more
862 624 1066 706 paterentur,
1098 628 1132 688 et

116 712 214 797 paulo
237 715 325 797 post,
348 712 441 796 quasi
460 710 589 796 potiora
611 710 768 796 quaedam
786 711 922 796 egisset,
944 711 1130 776 convivium

63 812 97 862 22
117 799 244 884 repetit.
293 799 396 876 Quem
427 798 656 866 venerantibus
688 797 796 864 Persis
826 798 1043 883 Polypercon,
1075 798 1130 883 qui

117 889 258 954 cubabat
271 910 368 972 super
386 907 506 972 regem,
523 909 622 952 unum
637 907 675 952 ex
692 886 745 951 his
764 890 873 952 mento
888 887 1130 972 contingentem

116 977 251 1041 humum
274 998 333 1060 per
354 975 529 1041 ludibrium
551 975 658 1060 coepit
679 975 820 1060 hortari,
847 978 884 1041 ut
906 974 1130 1040 vehementius

117 1064 150 1128 id
168 1067 315 1148 quateret
332 1063 372 1129 ad
390 1067 523 1148 terram,
541 1063 713 1148 elicuitque
730 1063 813 1127 iram
827 1061 1015 1147 Alexandri,
1033 1085 1131 1148 quam

118 1151 197 1217 olim
212 1152 321 1218 animo
335 1172 449 1235 capere
466 1173 532 1216 non
547 1154 685 1235 poterat.
716 1149 830 1234 Itaque
844 1172 910 1233 rex,
925 1150 986 1215 ‘Tu
1000 1149 1132 1235 autem',

65 1252 99 1302 23
119 1240 233 1324 inquit,
248 1239 325 1305 ‘non
339 1238 544 1304 veneraberis
558 1238 632 1304 me?
660 1238 713 1303 An
729 1238 793 1304 tihi
806 1240 862 1303 uni
879 1237 970 1324 digni
983 1238 1133 1306 videmur

118 1348 189 1393 esse
216 1325 391 1393 ludibrio?
435 1326 495 1391 Ille
522 1348 583 1392 neo
608 1346 718 1411 regem
745 1327 885 1393 ludibrio
911 1347 972 1391 nec
997 1347 1033 1392 se
1056 1348 1133 1393 con·.

63 1429 99 1479 24
117 1419 242 1499 temptu
265 1415 399 1500 dignum
427 1436 498 1481 esse
522 1415 697 1501 respondit
743 1413 826 1480 Tum
851 1414 1035 1481 detractum
1058 1436 1133 1481 eum

117 1504 203 1569 lecto
234 1525 291 1569 rex
322 1503 515 1588 praecipitat
548 1504 583 1568 in
613 1507 733 1568 terram
765 1506 813 1587 et,
844 1524 915 1568 cum
948 1502 977 1568 is
1007 1524 1132 1588 pronus

119 1591 305 1675 corruisset,
328 1589 503 1675 ‘Videsne',
525 1590 647 1676 inquit,
668 1590 765 1655 ‘idem
783 1593 816 1655 te
834 1588 963 1675 fecisse,
986 1592 1074 1676 quod
1097 1592 1132 1656 in

119 1680 183 1745 alio
210 1678 308 1763 paulo
336 1683 412 1744 ante
439 1677 602 1745 ridebas?
646 1677 693 1746 Et
718 1678 806 1744 tradi
828 1699 866 1745 eo
892 1679 927 1743 in
949 1678 1131 1745 custodiam

118 1769 208 1834 iusso
231 1767 415 1840 convivium
441 1767 546 1832 solvit.
867 1794 870 1798 “
1077 1798 1079 1802 ⁴

543 1924 622 1991 Oar.
647 1923 704 1990 VI.

84 2047 99 2096 1
207 2031 436 2116 Polyperconti
455 2031 583 2116 quidem
600 2033 716 2116 postea
736 2030 897 2116 castigato
916 2030 972 2096 diu
989 2031 1130 2118 ignovit:

118 2121 153 2186 in
181 2117 403 2186 Callisthenen
430 2120 510 2185 olim
537 2118 740 2203 contumacia
771 2122 956 2204 suspectum
988 2121 1131 2204 pervica-

83 2208 216 2273 ccioris
253 2208 321 2272 irae
357 2208 428 2273 fuit.
486 2205 584 2274 Cuius
622 2207 798 2292 explendae
834 2210 963 2274 matura
999 2208 1132 2274 obvenit

119 2295 254 2361 occasio.
298 2294 371 2362 Mos
394 2298 478 2380 erat,
507 2299 544 2361 ut
570 2294 811 2379 supradictum
839 2298 902 2379 est,
927 2296 1130 2381 principibus
1138 2293 1170 2360 21

118 2381 331 2449 Macedonum
353 2383 481 2449 adultos
503 2382 623 2449 liberos
645 2382 778 2469 regibus
800 2384 928 2449 tradere
952 2384 992 2449 ad
1020 2386 1130 2450 munia

83 2485 100 2534 3
118 2471 205 2538 haud
223 2471 361 2538 multum
377 2471 550 2548 servilibus
568 2472 757 2537 ministeriis
776 2470 994 2538 abhorrentia
1026 2471 1129 2540 Excu-

119 2560 243 2626 babent
271 2561 406 2626 servatis
433 2560 578 2626 noctium
601 2559 725 2626 vicibus
750 2559 889 2643 proximi
911 2559 1038 2626 foribus
1062 2562 1130 2627 eius

119 2647 221 2731 aedis,
244 2648 280 2714 in
298 2670 362 2732 qua
379 2667 435 2713 rex
453 2648 690 2733 adquiescebat.
726 2647 790 2712 Per
809 2647 869 2712 hos
892 2648 1013 2731 pelices
1032 2649 1130 2716 intro

118 2735 318 2801 ducebantur
340 2735 405 2801 alio
429 2736 533 2821 aditu,
554 2758 651 2822 quam
674 2757 770 2820 quem
793 2736 910 2800 armati
930 2735 1129 2803 obsidebant

81 2821 221 2887 elidem
244 2828 394 2906 acceptos
417 2822 458 2888 ab
481 2823 677 2908 agasonibus
702 2845 814 2908 equos,
841 2843 914 2888 cum
940 2845 998 2889 rex
1021 2845 1128 2898 asceu-

119 2931 213 2974 surus
232 2914 330 2992 esset,
353 2909 570 2975 admovebant
587 2910 889 2996 comitabanturque
907 2914 940 2977 et
956 2917 1128 2979 venantem

119 2995 210 3062 etin
236 2997 370 3081 proeliis
393 2996 557 3082 omnibus,
584 2998 708 3064 artibus
736 2999 916 3066 studiorum
944 2999 1127 3067 liberalium

83 3081 248 3151 cexculti.
296 3084 492 3169 Praecipuus
524 3085 630 3151 honor
660 3086 856 3171 habebatur,
892 3088 977 3173 quod
1008 3088 1128 3155 licebat

119 3169 306 3237 sedentibus
330 3173 416 3238 vesci
434 3194 509 3239 cum
531 3193 617 3259 rege.
651 3171 841 3259 Castigandi
862 3196 918 3241 eos
940 3176 1128 3245 verberibus

83 3258 238 3325 enullius
275 3261 421 3343 potestas
456 3263 584 3346 praeter
619 3261 728 3346 ipsum
759 3266 837 3328 erat
890 3261 980 3330 Haec
1015 3265 1128 3332 cohors

118 3347 208 3414 velut
231 3346 439 3414 seminarium
460 3348 576 3415 ducum
597 3349 898 3436 praefectorumque
921 3352 1007 3436 apud
1026 3351 1129 3421 Mace

116 3435 220 3502 donas
239 3433 316 3502 fuit:
338 3435 416 3502 hinc
436 3434 579 3502 habuere
600 3438 724 3522 posteri
746 3457 853 3524 reges,
876 3460 1013 3523 quorum
1036 3440 1130 3527 stirpi

63 3524 334 3603 apostholeca
357 3527 485 3594 aetates
513 3523 657 3594 Romani
682 3546 762 3614 opes
788 3525 985 3593 ademerunt.
1026 3527 1130 3615 Igitur
