2356 3846
123 144 196 230 136'
496 163 527 228 0.
547 163 658 220 cuam
675 164 761 220 auur

10 369 12 374 ,
69 324 103 380 02
123 333 171 395 00,
189 332 284 394 quem
299 310 518 392 damnaverat,
537 308 701 374 sustinuit.
734 307 879 375 Secunda
892 308 1009 375 deinde
1022 309 1130 394 uigilia

122 399 300 464 luminibus
324 397 473 462 extinctis
496 418 569 461 cum
593 398 704 480 paucis
729 398 763 462 in
785 398 908 482 regiam
931 401 1051 463 coeunt
1072 396 1144 463 He.

121 487 293 571 phaestion
321 490 353 550 ct
382 482 535 550 Craterus
564 490 597 550 02
624 483 751 551 Ooenus
779 489 812 550 02
834 485 1004 572 Erigyius,
1033 485 1069 550 hi
1095 507 1129 551 ex

122 575 250 658 amicis,
277 596 316 639 ex
343 574 513 658 armigeris
541 578 649 638 autem
667 572 846 639 'Perdiccas
879 578 912 640 st
939 573 1130 639 Leonnatus.

116 662 185 728 ¹Per
202 663 262 729 hos
282 664 490 746 imperatum,
507 665 558 744 ut,
577 662 632 745 qui
650 663 694 727 ud
709 663 908 744 praetorium
924 663 1132 747 excubabant,

70 772 102 821 18
122 751 239 816 armati
258 751 442 834 vigilarent.
473 749 544 814 Iam
563 749 603 814 ad
622 771 733 814 omncs
752 750 859 815 aditus
878 750 1031 835 dispositi
1045 755 1133 816 erant

122 839 260 924 equites,
282 839 402 904 itinera
421 859 548 922 quoque
568 838 713 903 obsidere
733 838 826 920 iussi,
846 859 888 904 ne
906 840 980 923 quis
997 839 1042 904 ad
1059 838 1132 904 Par·

121 929 318 1011 munionem,
336 928 480 1010 quitum
498 925 625 991 Mediae
643 927 835 1011 magnisque
856 929 958 1011 copiis
977 936 1132 1011 praeerat,

70 1036 102 1086 10
123 1016 268 1082 00001202
292 1016 451 1080 evaderet.
486 1013 660 1079 Atharrias
684 1020 793 1080 autem
816 1037 890 1081 cum
913 1032 977 1082 000
1000 1015 1132 1080 armatis

120 1106 299 1169 intraverat
311 1103 450 1187 regiam:
464 1102 540 1166 huic
558 1102 668 1167 decem
682 1103 841 1169 satellites
855 1104 1043 1188 traduntur,
1058 1123 1133 1187 qno·

71 1211 106 1262 20
124 1215 196 1257 rum
216 1191 363 1275 singulos
388 1190 463 1254 deni
482 1191 634 1273 armigeri
658 1191 883 1275 sequebantur.
921 1190 967 1256 Hi
985 1191 1028 1256 ad
1055 1191 1133 1257 alios

125 1280 308 1346 coniuratos
328 1278 632 1360 conprehendendos
656 1280 823 1344 distributi
842 1285 930 1345 sunt:
961 1279 1134 1345 Atharrias

122 1391 194 1434 cum
225 1367 380 1431 trecentis
412 1365 454 1429 ad
486 1365 649 1431 Philotam
680 1367 799 1432 missus
832 1368 978 1433 clausum
1010 1368 1134 1433 aditum

122 1456 235 1521 domus
259 1454 468 1536 moliebatur,
490 1472 512 1518 L
535 1454 687 1519 iuvenum
709 1456 962 1539 promptissimis
985 1455 1135 1540 stipatus,

121 1566 196 1608 nam
213 1547 337 1608 ceteros
349 1542 477 1626 cingere
491 1542 632 1626 undique
647 1543 779 1608 domum
792 1544 940 1626 iusserat,
953 1565 995 1608 ne
1007 1544 1134 1610 occulto

69 1652 102 1700 21
122 1632 212 1697 aditu
226 1631 373 1695 Philotas
391 1634 502 1713 posset
520 1629 616 1695 elabi.
650 1630 749 1695 Illum
764 1632 831 1696 sive
848 1632 1021 1697 securitate
1035 1630 1135 1697 animi

122 1721 188 1785 sive
211 1719 405 1803 fatigatione
434 1718 614 1784 resolutum
638 1741 769 1783 somnus
793 1723 1012 1803 oppresserat:
1041 1741 1134 1804 quem

68 1828 102 1876 22
121 1808 295 1873 Atharrias
311 1811 495 1890 torpentem
510 1806 613 1870 adhuc
627 1810 773 1891 occupat.
809 1807 953 1873 Tandem
972 1808 1003 1872 ei
1021 1827 1135 1892 sopore

123 1897 269 1961 discusso
289 1917 362 1959 cum
380 1895 576 1959 inicerentur
593 1898 739 1976 catenae,
754 1893 875 1979 ‘Vicit’,
894 1895 1014 1979 inquit,
1034 1895 1135 1961 ‘boni-

122 1989 223 2049 tatem
243 1987 348 2063 tuam,
370 2003 439 2065 rex,
462 1982 667 2046 inimicorum
686 2003 831 2048 meorum
849 1983 1032 2049 acerbitas'.
1069 1981 1137 2048 Nec

124 2073 218 2155 plura
241 2072 403 2135 elocutum
426 2069 534 2153 capita
556 2069 663 2135 velato
686 2071 722 2136 in
743 2071 869 2156 regiam
892 2071 1065 2138 adducunt.

69 2181 103 2229 23
211 2157 348 2223 Postero
385 2157 436 2221 dic
469 2178 526 2221 rex
562 2157 675 2241 edixit,
710 2180 822 2224 omnes
854 2160 972 2224 armati
1005 2160 1138 2225 coirent

122 2266 160 2313 21
173 2246 264 2311 milia
276 2245 343 2310 fere
358 2245 499 2309 militum
513 2249 681 2327 uenerant,
698 2250 866 2330 praeterea
883 2248 980 2312 turba
996 2247 1136 2313 lixarum

71 2357 106 2406 24
125 2336 335 2417 calonumque
367 2333 571 2417 inpleverant
605 2335 740 2418 regiam.
793 2334 947 2400 Philotan
983 2336 1138 2420 armigeri

124 2424 253 2509 agmine
271 2443 330 2487 suo
348 2421 515 2506 tegebant,
539 2443 580 2485 ne
599 2426 674 2486 ante
695 2423 838 2506 conspici
860 2427 972 2507 posset
990 2445 1010 2489 a
1028 2424 1139 2509 vulgo,

70 2532 104 2581 25
124 2535 220 2597 quam
238 2533 295 2576 rex
312 2509 480 2575 adlocutus
500 2509 621 2574 milites
640 2515 735 2576 esset.
767 2509 816 2574 De
831 2510 1025 2594 capitalibus
1039 2513 1138 2577 rebus

123 2603 252 2667 vetusto
284 2597 497 2664 Macedonum
533 2597 629 2663 modo
661 2599 847 2683 inquirebat
879 2619 946 2679 raa,
981 2600 1140 2666 iudicabat

124 2689 282 2754 exercitus
309 2723 345 2733 -
372 2687 407 2751 in
436 2707 515 2770 pace
543 2691 613 2751 erat
639 2688 730 2772 vulgi
751 2722 796 2734 -
819 2691 852 2751 et
877 2686 961 2753 nihil
989 2692 1139 2772 potestas

68 2795 104 2844 20
123 2797 238 2860 regum
260 2775 404 2856 valebat,
427 2774 490 2838 nisi
511 2774 602 2858 prius
624 2775 781 2840 valuisset
804 2775 988 2841 auctoritas.
1032 2776 1142 2860 Igitur

122 2863 245 2946 Dymni
272 2863 413 2946 primum
441 2861 577 2926 cadaver
604 2861 741 2928 infertur
768 2863 947 2948 plerisque,
978 2864 1056 2949 quid
1086 2887 1141 2950 pa

123 2954 228 3015 resset
251 2971 353 3034 00020
376 2970 453 3015 0020
477 2948 637 3014 extinctus
661 2953 760 3033 esset,
778 2950 913 3034 ignaris.

553 3103 631 3173 002.
653 3106 709 3172 ΙΧ.

90 3235 105 3284 1
213 3212 281 3277 Rex
300 3213 413 3278 deinde
432 3213 664 3279 incentionem
683 3213 830 3296 procedit
845 3215 937 3281 vultu
956 3217 1178 3300 praeferens3

125 3303 269 3367 dolorem
292 3301 402 3367 animi.
444 3300 633 3369 Amicorum
655 3321 782 3386 quoque
806 3305 971 3369 maest'tia
995 3312 1143 3390 expecta-

88 3413 106 3460 2
125 3391 249 3456 tionem
271 3389 358 3455 haud
378 3411 513 3476 parvam
535 3390 583 3456 rei
605 3389 735 3455 fecerat.
775 3387 840 3454 Diu
862 3411 919 3455 rex
943 3393 1085 3460 demisso
1109 3396 1143 3459 in

115 3483 240 3544 terram
258 3479 349 3545 uultu
364 3477 507 3545 attonito
522 3477 730 3564 stupentique
744 3477 859 3542 similis
871 3480 973 3545 stetit.
996 3481 1142 3548 Tandem

95 3573 241 3652 recepto
250 3570 379 3661 animo,
394 3566 542 3656 ‘Psoron
554 3567 674 3655 inquit,
684 3563 1017 3648 ‘utitatissimum
1026 3571 1145 3634 scelere
