2356 3846
124 161 191 226 210
497 161 527 228 Q.
547 159 658 217 CURTI
675 159 762 217 RUFI

70 319 105 368 31
126 306 211 373 deos.
252 305 332 382 Quis
356 305 465 370 credat
482 305 568 370 inter
590 305 672 370 haee
688 304 770 370 vitia
792 325 901 371 curam
918 326 991 373 esse
1013 307 1172 393 sapien-33

123 393 211 460 tiae?
255 393 363 459 Unum
396 396 523 479 agreste
555 396 589 459 et
621 392 787 458 horridum
819 413 921 478 genus
954 399 1021 479 est,
1051 396 1134 481 quod

71 497 105 546 aa
124 483 287 567 sapientes
313 485 440 547 vocant.
489 480 587 565 Apud
609 481 670 547 hos
693 503 851 565 occupare
872 481 1045 565 fatidicam
1067 485 1135 569 pnl-

125 572 237 636 chrum
265 572 298 635 et
320 570 411 636 vivos
436 590 471 634 se
495 570 630 635 cremari
652 570 777 653 iubent,
827 570 922 636 uibus
946 574 1005 637 aut
1027 573 1135 658 segnis

125 661 214 724 aetas
238 661 295 723 aut
316 658 519 724 incommoda
541 657 686 723 valitudo
710 660 769 722 est.
842 662 1032 742 xpectatam
1052 683 1136 727 mor·

124 751 192 812 tem
218 768 277 831 pro
305 747 457 812 dedecore
484 745 570 811 vitae
597 745 720 811 habent
745 766 805 811 nec
826 746 913 813 ullus
936 749 1137 834 corporibus,

125 856 207 920 quae
231 838 377 901 senectus
401 835 513 918 solvit,
534 834 639 901 honos
656 834 812 899 redditur:
835 835 999 920 inquinari
1018 841 1138 922 putant

69 939 106 990 aa
125 924 244 1010 ignem,
267 924 330 989 nisi
353 924 408 1008 qui
431 923 592 1006 spirantes
615 922 738 1006 recipit
778 922 843 1006 Illi,
865 923 921 1008 qui
943 924 981 989 in
1001 925 1136 992 urbibus

124 1012 264 1096 publicis
287 1012 431 1076 moribus
450 1011 580 1096 degunt,
603 1010 744 1076 siderum
762 1016 870 1076 motus
889 1012 970 1078 scite
989 1017 1136 1098 spectare

125 1101 274 1166 dicuntur
296 1104 329 1165 et
351 1099 461 1165 futura
484 1098 676 1182 praedicere.
720 1097 790 1164 Nec
812 1120 1008 1185 quemquam
1029 1101 1136 1168 admo

124 1211 198 1254 vere
221 1189 279 1253 leti
302 1187 387 1252 diem
410 1187 558 1271 credunt,
586 1187 639 1252 cui
665 1191 833 1271 expectere
855 1188 1007 1256 interrito
1030 1190 1142 1264 liceat,

71 1297 106 1345 34
125 1278 211 1342 Deos
234 1280 364 1360 putant,
391 1274 546 1360 quidquid
569 1275 674 1341 colere
696 1278 885 1361 coeperunt,
912 1276 1049 1344 arbores
1072 1301 1135 1344 ma·

70 1385 106 1434 35
124 1366 218 1447 xime,
237 1385 316 1447 quas
330 1363 451 1428 violare
470 1362 591 1448 capital
609 1369 667 1429 est.
702 1361 830 1429 Menses
848 1364 883 1428 in
901 1366 1018 1449 quinos
1037 1366 1135 1434 denos

69 1474 106 1524 aa
124 1453 357 1536 discripserunt
375 1450 452 1534 dies,
470 1451 546 1517 anni
565 1452 661 1535 plena
679 1452 787 1536 spatia
806 1457 987 1520 servantur.
1024 1452 1136 1521 Lunae

125 1563 220 1606 cursu
245 1543 361 1605 notant
382 1542 544 1624 tempora,
570 1560 650 1625 non,
674 1544 713 1605 ut
734 1540 893 1626 plerique,
921 1562 995 1607 cum
1023 1543 1134 1610 orbern

125 1630 213 1694 sidus
240 1629 390 1713 inplevit,
417 1628 472 1693 sed
501 1649 574 1693 cum
602 1649 636 1694 se
664 1649 797 1694 curvare
820 1627 925 1713 coepit
946 1629 983 1694 in
1005 1651 1134 1716 cornua,

124 1725 157 1783 et
174 1718 293 1783 idcirco
307 1717 472 1782 breviores
491 1715 614 1781 habent
627 1737 762 1801 menses,
776 1718 853 1801 quia
866 1718 1010 1801 spatium
1024 1740 1134 1786 eorum

71 1827 105 1877 ³7
126 1806 165 1871 ad
183 1807 268 1871 hunc
287 1805 384 1871 lunae
402 1804 534 1870 modum
556 1804 708 1888 dirigunt
744 1802 851 1870 Multa
868 1809 901 1870 et
918 1805 987 1871 alia
1003 1808 1133 1874 tradmr

123 1898 190 2046 tog,
217 1894 334 1978 quibus
360 1892 483 1960 morari
506 1892 651 1958 ordinem
673 1913 782 1958 rerum
804 1893 891 1959 haud
915 1913 994 1961 senc
1016 1916 1133 1982 operae

124 1983 155 2046 vi
178 1983 300 2048 ebatur.

557 2119 637 2186 Gar.
660 2121 700 2186 X.

89 2269 103 2319 1
212 2242 317 2327 Igitur
343 2242 531 2309 Alexandro
562 2243 638 2310 finis
664 2243 777 2308 Indiae
807 2243 955 2330 ingresso
988 2246 1164 2331 gentiumtl

124 2353 254 2398 suarum
276 2331 382 2418 reguli
405 2336 612 2397 occurrerunt
634 2332 793 2415 imperata
809 2331 937 2418 facturi,
958 2333 1055 2402 illum
1071 2340 1129 2403 ter

123 2421 205 2485 tium
231 2418 307 2485 Iove
334 2418 481 2506 genitum
509 2420 550 2485 ad
576 2420 663 2504 ipsos
690 2420 874 2504 pervenisse
901 2428 1129 2490 memorantes:
1160 2421 1164 2429 “

38 2544 41 2553 ·
122 2507 253 2574 Patrem
279 2507 432 2574 Liberum
459 2511 554 2593 atque
577 2508 749 2574 Herculem
771 2507 860 2573 fama
883 2512 1034 2596 cognitos
1057 2534 1128 2593 esse,

88 2597 230 2682 eipsum
252 2618 361 2663 coram
384 2597 498 2664 adesse
521 2598 679 2682 cernique.
723 2596 793 2661 Rex
819 2596 958 2684 benigno
981 2605 1127 2686 exceptos

125 2686 215 2769 sequi
237 2686 346 2769 iussit,
368 2686 471 2752 isdem
494 2687 647 2751 itinerum
666 2685 800 2751 ducibus
819 2707 945 2751 usurus.
983 2684 1128 2755 Getarum

124 2794 196 2838 cum
217 2774 354 2858 amplius
378 2795 472 2839 nemo
496 2777 685 2858 occurreret,
706 2772 982 2858 Hephaestionem
1005 2781 1040 2842 et
1056 2776 1128 2843 Per-

124 2860 235 2925 diccan
262 2882 333 2926 curn
361 2863 529 2946 copiarum
556 2867 649 2946 parte
673 2861 840 2946 praemisit
862 2861 902 2927 ed
925 2863 1128 2948 subigendos,

124 2947 181 3031 qui
198 2952 422 3014 aversarentur
439 2950 623 3034 imperium,
641 2950 802 3035 iussitque
819 2950 859 3016 ad
880 2950 995 3017 flumen
1016 2952 1128 3019 Indum

123 3035 295 3118 procedere
323 3041 356 3102 et
382 3037 513 3122 navigia
539 3036 658 3121 facere,
685 3039 756 3123 quis
783 3039 816 3104 in
844 3040 1002 3105 ulteriora
1029 3045 1129 3108 trans

88 3151 105 3200 3
123 3123 248 3207 portari
266 3128 377 3206 posset
395 3125 561 3192 exercitus.
601 3125 663 3209 Illi,
682 3127 757 3210 quia
773 3127 869 3211 plura
887 3127 1022 3195 flumina
1041 3150 1129 3215 supe·

123 3210 223 3276 rande
251 3215 357 3296 erant,
389 3213 435 3278 sic
462 3213 593 3280 iunxere
620 3235 734 3298 naves,
760 3219 797 3280 ut
824 3217 950 3282 solutae
976 3217 1130 3302 plaustris

87 3298 201 3364 avehi
230 3303 364 3383 possent
395 3322 568 3386 rursusque
599 3302 761 3388 coniungi.
814 3302 895 3370 Post
932 3325 965 3370 se
998 3302 1130 3373 Cratero

125 3409 198 3454 cum
219 3386 384 3473 phalange
406 3388 494 3455 iusso
522 3390 614 3475 sequi
641 3390 821 3475 equitatum
844 3414 881 3459 ac
903 3393 1008 3458 levem
1032 3416 1131 3461 arma·

121 3480 229 3544 turam
254 3475 365 3542 eduxit
387 3497 518 3562 eosque,
545 3478 601 3564 qui
624 3483 840 3563 occurrerent,
867 3481 931 3546 leri
953 3484 1081 3566 proelio
1100 3484 1132 3549 in

107 3566 225 3636 urbem
243 3569 437 3657 proximam
456 3567 613 3656 conpulit.
639 3566 716 3634 lam
733 3567 1132 3649 superreucratdratorna
