2356 3846
120 176 186 243 258
497 175 529 242 Q.
549 176 660 233 CURTI
677 175 765 232 RUFI

119 345 300 408 numquam
325 322 412 389 enim
434 322 515 388 talia
534 342 684 406 ausuros,
709 321 765 407 qui
784 320 892 406 ipsum
910 342 951 387 ex
973 319 1070 387 India
1094 342 1144 388 so-

122 413 242 496 spitem
269 415 327 477 aut
360 413 529 495 optassent
561 410 681 475 reverti
711 413 769 475 aut
797 409 1009 475 credidissent
1035 432 1142 475 rever·

85 510 103 562 8
123 523 243 566 surum.
279 499 387 586 Igitur
408 500 469 565 hos
491 499 622 584 quidem
645 499 763 583 vinxit,
788 515 836 563 Dc
860 501 968 565 autem
991 499 1144 583 militum,

121 589 178 674 qui
200 588 357 654 saevitiae
386 610 497 654 eorum
526 587 668 653 ministri
696 587 838 671 fuerant,
869 587 1011 653 interfici
1038 587 1144 653 iussit

87 676 246 743 allodem
278 677 330 742 die
362 681 528 761 sumptum
561 681 611 742 est
644 675 839 760 supplicium
868 674 907 740 de
934 676 976 740 iis
1006 697 1145 761 quoque,

69 866 104 916 10
123 788 204 851 quos
212 770 374 920 Ipuotlores
394 765 770 920 iiffflffliiirpequfimm
779 761 939 919 ,orgtffiffs
955 764 1171 919 sutcllldunerat.2

246 877 287 920 au
337 877 394 919 mu
424 874 443 919 o
492 876 529 920 os
601 875 640 918 ea
699 875 778 918 use
845 874 965 918 nesrcrr
1003 876 1019 919 s
1085 875 1142 919 uos

121 943 253 1029 longius
277 944 312 1008 in
335 876 499 1009 Oceanuiir
523 936 698 1028 procedere
721 940 873 1026 iusserat,
902 875 1143 1026 supervieniunt.

68 1042 102 1092 11
121 1030 330 1098 Nuntiabant
351 1036 465 1097 autem'
483 1031 641 1115 quaedam
663 1030 790 1115 audite,
814 1029 879 1095 alia
901 1035 1073 1115 conperta:
1096 1032 1144 1096 in·

122 1121 230 1186 sulam
259 1121 344 1186 ostio
374 1120 478 1185 amnis
507 1119 669 1184 obiectam
698 1140 776 1184 auro
805 1119 984 1203 abundare,
1012 1119 1144 1204 inopem

123 1230 281 1294 equorum
309 1229 394 1275 esse:
430 1208 579 1293 singulos
612 1227 668 1273 eos
696 1212 912 1292 conpererant
940 1208 982 1273 ab
1004 1207 1063 1294 iis,
1088 1208 1144 1293 qui

122 1319 162 1362 ex
185 1296 367 1363 continenti
389 1298 527 1362 traicere
551 1291 720 1382 auderent,
751 1295 889 1382 singulis
912 1297 1047 1362 talentis
1071 1297 1142 1362 emi.

69 1396 103 1447 12
123 1385 261 1451 Plenum
285 1407 354 1450 esse
378 1386 549 1451 beluarum
570 1406 675 1451 mare:
710 1388 804 1450 aestu
827 1385 968 1450 secundo
991 1406 1047 1451 eas
1065 1385 1144 1450 ferri

26 1550 29 1555 ,
122 1494 321 1558 magnarum
341 1475 474 1540 navium
497 1495 633 1558 corpora
656 1477 846 1559 aequantes,
868 1474 955 1539 truci
973 1477 1072 1539 cantu
1092 1473 1142 1539 de·

121 1561 255 1628 territas
289 1563 381 1647 sequi
412 1563 558 1647 classem,
585 1584 658 1628 cum
685 1582 806 1648 magno
829 1562 977 1646 aequoris
1001 1562 1142 1647 strepitu

69 1663 103 1712 13
122 1652 213 1716 velut
241 1651 389 1717 demersa
416 1651 549 1736 navigia
576 1651 703 1717 subisse
731 1672 841 1734 aquas.
881 1646 998 1716 Cetera
1026 1651 1142 1716 incolis

123 1739 338 1823 crediderant,
369 1740 456 1805 inter
484 1761 580 1824 quae:
613 1738 750 1804 rubrum
776 1760 866 1804 mare
893 1760 960 1804 non
988 1762 1007 1804 a
1036 1740 1142 1806 colore

69 1840 104 1888 14
123 1828 298 1913 undarum,
320 1832 357 1893 ut
379 1828 527 1913 plerique
551 1828 727 1912 crederent,
751 1827 807 1892 sed
830 1826 871 1891 ab
895 1826 1043 1912 Erythro
1066 1847 1148 1912 rege

123 1917 290 2002 appellari,
309 1938 380 1983 esse
398 1917 483 1981 haud
501 1916 615 1999 procul
628 1937 649 1981 a
663 1915 845 1981 continenti
862 1916 1007 1982 insulam
1024 1917 1159 2002 palmis

122 2005 348 2089 frequentibus
381 2004 542 2071 consitam
569 2005 664 2070 etin
696 2003 804 2070 medio
831 2003 899 2070 fere
929 2026 1065 2071 nemore
1091 2025 1167 2071 oo·—

122 2094 269 2159 lumnam
293 2094 448 2178 eminere,
469 2091 608 2177 Erythri
629 2093 716 2178 regis
740 2095 996 2179 monumentum,
1021 2095 1167 2161 litteris

74 2193 107 2243 15
125 2183 234 2267 gentis
258 2182 327 2247 eius
350 2183 516 2266 scriptam.
560 2180 758 2247 Adiciebant
780 2181 927 2266 navigia,
952 2203 1036 2266 quae
1059 2182 1164 2249 lixas

124 2274 386 2355 mercatoresque
417 2271 595 2353 rexissent,
627 2269 751 2336 famam
782 2270 852 2335 auri
879 2271 1002 2337 secutis
1028 2271 1159 2356 guber-

124 2358 297 2424 natoribus
315 2359 350 2423 in
368 2358 507 2423 insulam
526 2380 597 2423 esse
614 2358 810 2427 transmissa
829 2380 890 2424 nec
907 2359 1023 2425 deiude
1041 2359 1150 2426 abiis

70 2460 105 2510 16
124 2451 241 2532 postea
259 2447 338 2514 visa
374 2446 444 2512 Rex
467 2447 684 2532 cognoscendi
706 2447 801 2531 plura
819 2447 970 2532 cupidine
987 2468 1143 2515 accensus

125 2558 237 2602 rursus
262 2558 318 2602 eos
337 2539 459 2602 terram
477 2536 586 2620 legere
604 2535 709 2620 iubet,
731 2535 834 2602 donec
853 2536 894 2602 ed
911 2534 1093 2620 Euphratis
1108 2555 1138 2603 os

126 2624 327 2710 adpellerent
344 2625 493 2710 classem,
510 2623 585 2689 inde
603 2624 739 2690 adverso
759 2646 854 2691 amne
867 2622 1042 2710 Babylona
1057 2625 1133 2693 subi·

72 2725 106 2775 11
126 2717 226 2780 turos.
264 2713 340 2799 Ipse
364 2714 472 2779 animo
496 2712 627 2778 infinita
650 2712 826 2798 conplexus
850 2715 1026 2800 statueret,
1054 2711 1152 2780 omnib

121 2798 167 2868 'ad
199 2802 358 2868 orientem
389 2802 556 2868 maritima
585 2802 719 2887 regione
750 2801 948 2888 perdomita,
979 2824 1021 2870 ex
1050 2800 1131 2887 Syr’u

122 2895 234 2974 petere
261 2891 422 2976 Africam,
451 2889 647 2976 Carthagini
672 2890 938 2975 infensus,·,inde
965 2889 1131 2957 Numidiae

125 2979 357 3046 solitudinibus
379 2979 563 3064 peragratis
587 3001 717 3045 cursum
742 2977 841 3046 Gadis
861 2979 1015 3066 dirigere,
1037 2980 1132 3046 -ibi

124 3088 264 3151 namque
288 3069 457 3135 columnas
484 3067 634 3134 Herculis
662 3088 733 3133 osse
757 3068 847 3134 fama
867 3068 1077 3155 vulgaverat,
1099 3100 1131 3118 ·-

71 3165 104 3217 18
123 3153 301 3257 Hispanias
333 3157 461 3242 deinde,
498 3179 580 3311 quas
612 3156 782 3223 Hiberiam
814 3154 932 3260 Graeci
961 3180 983 3224 a
1008 3157 1133 3263 flumine

121 3242 247 3312 Hibero
276 3248 446 3332 vocabant,
477 3269 496 3312 a
519 3268 566 3311 rre
593 3249 628 3312 et
653 3245 859 3331 praetervehi
883 3243 987 3332 Alpes
1010 3246 1134 3315 Italae

69 3344 103 3394 19
124 3355 186 3418 que
214 3355 319 3420 oram,
347 3335 431 3400 unde
460 3336 495 3400 in
517 3332 666 3420 'Epirum
692 3334 801 3401 brevis
829 3357 941 3403 cursus
969 3339 1031 3403 est.
1075 3334 1135 3423 Igi-

96 3421 1137 3584 rusretrusurusresisus-e

87 3593 316 3687 Thapsacum
356 3609 670 3701 septingentarum
702 3535 836 3672 ibinus
861 3599 1002 3666 nauium
1023 3535 1155 3681 quidm„
