2356 3846
251 150 505 216 Hlsroamauu
523 159 740 215 ALEXANDRI
758 159 810 229 IV,
831 164 872 214 14.
1025 158 1064 222 'll

52 328 127 372 rum
158 305 222 370 luit
250 306 404 407 partium,
440 306 626 387 exercitum,
662 326 758 388 quem
788 324 889 388 paene
920 306 1068 368 inmensa

53 394 208 480 planities
225 395 279 458 vin
297 397 432 478 caperet,
454 394 642 477 conparavi:
665 415 772 476 equos,
785 414 886 456 arma
904 391 1066 455 distribui:

54 485 256 550 commeatus
291 503 333 546 ne
364 484 474 546 tantae
504 481 704 545 multitudini
735 481 882 544 deessent
868 479 1067 582 tprovidi:

54 569 209 654 locum,
199 591 234 634 rn
257 591 320 654 quo
343 571 427 634 acies
450 571 601 653 explicari
623 573 745 653 posset,
756 570 858 670 elegi.
897 566 956 633 Cet
942 573 1011 632 tera
1032 569 1067 632 in
1087 590 1119 638 13

56 663 165 724 vestra
186 661 346 742 potestate
370 661 459 722 suut:
482 658 596 722 audete
618 658 713 721 modo
732 657 858 720 vincere
876 657 1067 740 famamque,

56 747 311 812 infirmissimum
334 746 484 810 adversus
507 747 607 810 fortes
630 747 715 810 viros
733 745 842 825 telum,
864 745 1067 808 contemnite.

10 832 235 900 i4Temeritas
258 838 315 917 est,
338 856 435 918 quam
458 833 561 898 adhuc
583 855 642 917 pro
660 833 777 897 virtute
796 832 962 896 timuistis:
986 854 1067 916 quae

57 923 115 988 ubi
136 922 276 1006 primum
297 923 453 1006 impetum
476 922 599 1005 effudit,
625 922 713 985 velut
736 921 892 1003 quaedam
915 921 1068 984 animalia

57 1012 177 1076 emisso
208 1011 332 1093 aculco,
366 1013 481 1094 torpet.
526 1010 571 1074 Hi
598 1031 674 1074 vero
702 1009 806 1092 campi
832 1008 1067 1091 deprehendere
1088 1030 1121 1078 14

56 1098 267 1182 paucitatem,
294 1119 391 1182 quam
414 1096 543 1163 Ciliciae
570 1101 697 1163 montes
725 1096 967 1161 absconderant.
1011 1096 1067 1161 Vi·

57 1186 142 1251 detis
174 1186 301 1251 ordines
332 1207 434 1268 raros,
471 1208 590 1251 cornua
622 1188 764 1268 extenta,
799 1185 936 1249 mediam
967 1185 1068 1249 aciem

56 1296 189 1358 vanam,
213 1273 415 1338 exhaustam:
446 1296 523 1338 nam
545 1275 665 1356 ultimi,
689 1293 768 1356 quos
791 1274 909 1337 locavit
931 1295 1068 1356 aversos,

56 1365 151 1446 terga
173 1363 238 1426 ianr
260 1363 423 1446 praebent.
468 1362 594 1444 Obteri,
616 1362 810 1443 mehercule,
833 1382 986 1445 equorum
1010 1383 1068 1425 un-

58 1450 142 1535 gulis
178 1453 326 1534 possunt,
363 1450 487 1514 etiamsi
518 1450 599 1514 nihil
631 1452 756 1533 praeter
787 1449 922 1513 falcatos
959 1471 1068 1513 currus

58 1539 204 1603 emisero.
248 1538 293 1603 Et
314 1538 399 1603 bello
422 1538 604 1621 vicerimus,
628 1538 656 1601 si
677 1537 810 1601 vicimus
833 1538 970 1621 proelio:
992 1559 1069 1601 nam
1089 1557 1128 1606 15.

58 1647 101 1690 ne
127 1627 192 1691 illis
220 1626 348 1710 quidem
371 1626 412 1690 ad
434 1627 545 1711 fugam
568 1627 657 1690 locus
680 1628 742 1688 est:
779 1625 854 1688 hinc
877 1625 1069 1709 Euphrates,

58 1714 149 1780 illinc
181 1713 287 1799 Tigris
318 1714 469 1798 prohibet
499 1714 650 1778 inclusos.
704 1711 749 1775 Et
781 1734 861 1795 quae
888 1717 983 1777 antea
1010 1736 1068 1796 pro
1089 1735 1122 1783 ra

62 1802 128 1866 illis
151 1806 252 1884 erant,
273 1803 308 1866 in
331 1804 524 1866 contrarium
541 1824 635 1866 versa
652 1804 738 1866 sunt.
775 1799 932 1866 Nostrum
950 1801 1068 1865 mobile

58 1895 93 1955 et
120 1888 304 1974 expeditum
332 1910 448 1975 agmen
475 1894 536 1972 est,
567 1891 647 1955 illud
673 1890 792 1973 praeda
820 1908 924 1972 grave.
969 1889 1069 1972 Inpli-

26 2040 29 2047 .
58 1984 149 2043 catos
178 1998 255 2063 ergo
282 1979 393 2061 spoliis
415 1979 534 2043 nostris
556 1979 801 2060 trucidabimus,
824 1977 994 2060 eademque
1017 1998 1068 2041 res

59 2070 92 2131 et
110 2087 209 2131 causa
228 2066 289 2130 erit
305 2066 457 2130 victoriae
476 2071 508 2131 et
525 2067 656 2132 fructus.
689 2066 810 2141 Quodsi
829 2087 924 2148 quem
941 2086 958 2128 e
977 2065 1068 2130 vobis
1090 2087 1121 2134 17

58 2175 180 2220 nomen
207 2154 313 2238 gentis
341 2157 465 2235 movet,
496 2155 629 2238 cogitet,
657 2155 869 2219 Macedonum
891 2153 957 2217 illic
980 2175 1070 2217 arma

59 2263 147 2325 esse,
168 2263 236 2306 non
259 2263 400 2324 corpora.
449 2241 588 2305 Multum
611 2243 696 2306 enim
720 2241 910 2324 sanguinem
932 2241 1069 2305 invicem

58 2330 241 2412 hausimus,
272 2333 305 2393 et
329 2344 455 2412 semper
476 2329 604 2413 gravior
625 2331 660 2393 in
682 2330 842 2412 paucitate
865 2330 989 2393 iactura
1012 2333 1069 2394 est.

57 2416 146 2483 Nam
178 2415 375 2498 Alexander,
411 2420 685 2501 quantuscumque
718 2417 844 2501 ignavis
881 2419 913 2480 et
948 2417 1069 2481 timidis
1090 2438 1122 2487 18

56 2506 161 2570 rideri
188 2508 307 2589 potest,
336 2527 436 2569 unum
459 2505 578 2569 animal
600 2509 716 2587 estet,
743 2505 771 2568 si
799 2504 875 2587 quid
902 2505 981 2567 mihi
1004 2526 1069 2569 cre·

58 2594 145 2678 ditis,
167 2593 373 2658 temerarium
391 2597 424 2657 et
441 2614 560 2672 vecors,
576 2594 679 2658 adhuc
696 2596 808 2658 nostro
826 2613 953 2675 pavore,
973 2614 1069 2675 quam

61 2704 120 2748 sua
147 2680 266 2747 virtute
292 2681 424 2746 felicius.
469 2680 561 2746 Nihil
587 2686 695 2745 autem
721 2684 924 2765 potestesse
948 2680 1069 2743 diutur-
1090 2701 1122 2749 19

58 2793 153 2854 num,
185 2771 236 2834 oui
261 2790 329 2835 non
356 2770 466 2834 subest
491 2770 583 2834 ratio.
628 2769 718 2834 Licet
742 2769 880 2833 fehcitas
908 2767 1070 2851 adspirare

10 2895 11 2902 .
59 2859 220 2942 videatur,
255 2860 365 2922 tamen
396 2859 437 2923 ad
468 2858 616 2922 ultimum
645 2858 820 2922 temeritati
850 2877 916 2920 non
944 2857 1069 2921 suffieit.

59 2946 232 3011 Praetmea
261 2945 373 3010 breves
400 2950 441 3010 'et
471 2946 641 3010 mutabiles
670 2947 754 3010 vices
781 2968 887 3010 rerum
917 2949 1005 3030 sunt,
1037 2949 1071 3011 et

59 3035 192 3099 fortuna
221 3055 398 3118 numquam
425 3034 610 3118 simpliciter
640 3034 795 3119 indulget.
846 3033 996 3099 Forsitan
1022 3035 1069 3099 ita
1089 3057 1123 3105 ao

61 3123 106 3187 dii
134 3122 204 3187 fata
233 3122 462 3207 ordinaverint,
499 3125 537 3187 ut
569 3122 739 3187 Persarum
769 3123 951 3206 imperium,
984 3123 1069 3206 quod

61 3210 202 3275 secundo
225 3230 321 3275 cursu
342 3232 400 3294 per
420 3228 532 3276 ccxxx
546 3232 648 3275 annos
667 3210 707 3274 ad
726 3233 886 3275 summum
902 3212 1068 3294 fastigium

61 3300 245 3382 erexerant,
272 3317 391 3382 magno
418 3301 510 3362 motu
535 3302 742 3363 concuterent
768 3299 872 3382 magis
895 3321 991 3381 quam
1015 3300 1068 3363 ad·

61 3385 211 3488 digerant
231 3386 501 3487 admonerentque
519 3407 579 3451 nos
593 3387 777 3471 fragilitatis
791 3386 960 3469 humanae,
978 3388 1068 3451 cuius

60 3474 160 3539 nimia
190 3475 226 3539 in
256 3475 417 3557 prosperis
447 3474 542 3539 rebus
570 3475 687 3538 oblivio
715 3479 773 3539 est.
818 3474 914 3538 Modo
938 3475 1068 3538 Graecis
1087 3497 1124 3543 ar

60 3563 143 3626 ultro
160 3562 279 3627 bellum
297 3560 536 3633 inferebamus:
557 3586 648 3632 nunc
663 3564 705 3631 ‘m
719 3563 859 3630 sedibus
870 3561 1002 3623 nasama
1013 3578 1095 3633 qm-
