2370 3834
469 212 666 276 ..5-

54 372 205 438 habebat
224 370 467 454 confidentiam,
491 371 576 455 quod
599 370 663 455 ipsi
682 371 744 435 soli
768 391 841 435 cum
861 391 973 435 eorum
992 371 1082 436 navi-

55 462 120 527 bus
145 463 178 526 et
200 459 327 525 familia
350 466 383 525 et
405 460 489 525 nulii
513 460 570 525 alii
594 460 717 525 aditum
743 480 891 524 securum
914 460 1083 525 habebant

58 550 101 616 ad
139 548 310 614 Graeciam
346 571 406 632 pro
444 549 635 634 quaerendis
669 548 899 634 mercimoniis,
944 571 1083 632 quorum

58 659 218 724 magnam
251 638 380 722 copiam
413 638 546 703 cottidie
574 637 794 722 apportabam
827 641 859 701 et
892 637 1006 703 exinde
1036 638 1085 701 ni·

35 728 168 793 omium
198 727 294 792 ditati
320 727 451 792 fucrant
474 731 507 793 εὴ
533 727 572 792 de
595 725 646 790 die
668 726 703 791 in
726 726 813 791 diem
836 726 978 810 amplius
1002 726 1085 791 dita·

62 817 194 882 bantur.
238 813 387 902 Oontigit
410 821 532 900 autem,
559 819 597 880 ut
624 815 763 901 quadam
787 815 838 879 die
862 815 941 880 dicti
963 837 1084 881 merca·

62 909 153 972 tores
178 905 275 968 simul
299 927 357 990 per
378 905 492 970 urbem
516 903 679 989 spatiandi
703 903 811 988 gratia
832 903 1028 987 incederent,
1052 907 1085 969 et

61 996 308 1080 praetereuntes
337 994 487 1059 viderunt
510 993 711 1078 praedictum
734 1013 868 1076 puerum
899 991 1085 1058 Constanti-

61 1104 142 1149 num
176 1083 243 1147 iam
275 1082 399 1148 factum
432 1083 608 1148 decennem
639 1081 692 1146 vel
724 1081 852 1146 circiter
883 1082 970 1146 inter
1002 1081 1086 1146 alios

24 1192 50 1234 io
64 1193 185 1258 pueros
210 1175 382 1236 coetaneos
408 1193 484 1237 suos
507 1171 682 1236 ludentem.
726 1169 829 1246 Quem
854 1192 927 1235 cum
951 1169 1085 1255 diligen·

62 1263 131 1326 tius
162 1260 276 1325 intuiti
305 1259 457 1344 fuissent,
487 1263 662 1344 coeperunt
689 1259 845 1324 admirari
873 1259 943 1324 eius
969 1258 1087 1324 habili·

63 1352 169 1415 tatem
195 1351 228 1413 et
250 1349 528 1433 pulchritudinem
547 1349 689 1412 dicentes
709 1351 742 1413 et
762 1351 953 1432 quaerentes
978 1347 1019 1413 ab
1040 1369 1088 1431 eo,

63 1438 216 1524 quisnam
252 1441 339 1502 esset
370 1441 464 1522 pater
496 1437 564 1502 cius
594 1440 627 1501 et
661 1457 724 1520 quo
752 1437 884 1501 nomine
908 1439 1088 1502 vocaretur.

65 1527 129 1605 Qui
152 1526 354 1611 respondens
378 1527 438 1591 ait:
469 1525 553 1611 ‘quis
578 1526 621 1591 sit
644 1527 738 1609 pater
755 1546 847 1589 meus
870 1526 991 1609 nescio,
1014 1526 1090 1610 quia

25 1635 49 1677 1⁶
63 1617 137 1700 ipse
159 1616 199 1680 de
223 1614 285 1680 hac
307 1616 377 1680 vita
400 1615 548 1679 sublatus
571 1613 641 1678 fore
664 1613 796 1698 dicitur,
829 1618 1004 1698 antequam
1029 1635 1089 1698 ego

63 1708 164 1770 natus
183 1725 299 1768 essem.
336 1702 398 1768 Sed
417 1704 501 1788 scio,
525 1702 611 1787 quod
630 1701 736 1767 habeo
756 1704 894 1766 matrem
913 1724 1090 1786 pauperem

63 1793 237 1859 mulierem
262 1796 295 1856 et
317 1814 415 1857 vocor
439 1814 478 1857 ex
501 1791 632 1857 nomine
657 1789 915 1857 Constantinus'.

157 1881 229 1959 Quo
251 1881 361 1945 audito
386 1881 559 1946 consilium
583 1879 768 1944 habuerunt
791 1879 870 1944 dicti
893 1877 1124 1944 mercatores?

65 1971 154 2036 inter
172 1992 206 2035 se
226 1969 383 2034 dicentes:
412 1968 517 2054 ‘Quia
535 1970 647 2053 putas,
665 1970 727 2033 iste
746 1991 828 2052 puer
846 1968 931 2033 erit?
968 1967 1092 2032 Educe-

25 2080 52 2121 ao
67 2082 142 2124 mus
163 2060 271 2143 ipsum
291 2063 324 2123 et
342 2058 437 2124 bonis
456 2058 601 2124 moribus
621 2057 821 2122 instruamus
842 2061 875 2121 et
895 2057 934 2121 ad
953 2057 1092 2141 impera·

66 2153 175 2214 torem
191 2147 389 2212 Graecorum
408 2147 579 2212 nobiscum
598 2146 811 2230 perducamus
831 2146 985 2228 dicentes,
1005 2145 1093 2229 quod

67 2237 114 2302 sit
142 2236 229 2301 filius
258 2236 382 2300 domini
408 2237 515 2301 nostri
537 2235 763 2300 Romanorum
788 2235 1009 2322 imperatoris,
1038 2235 1095 2319 qui

67 2324 151 2391 velit
178 2347 252 2390 eum
280 2346 357 2390 suae
384 2325 472 2390 filiae
499 2325 535 2389 in
558 2324 730 2408 coniugem
759 2327 792 2389 et
819 2324 975 2388 maritum
999 2345 1094 2407 copu-

70 2415 142 2478 lare
166 2418 199 2478 et
222 2435 336 2498 paoem
359 2417 553 2497 perpetuam
576 2434 685 2477 secum
710 2412 823 2477 exinde
846 2412 1037 2478 contrahere
1062 2416 1095 2477 et

29 2519 59 2562 rs
77 2524 217 2568 servare.
229 2508 233 2513 ’
247 2501 309 2577 Qui
327 2503 460 2587 gauisus
479 2502 582 2566 filiam
597 2508 690 2565 suam
706 2500 770 2565 sibi
788 2501 895 2565 tradet
914 2502 947 2564 in
961 2523 1096 2566 uxorem

74 2594 109 2656 ct
137 2612 209 2655 eam
237 2591 408 2656 nobiscum
436 2613 596 2656 unacum
620 2590 692 2674 ipsc
718 2610 755 2654 ac
773 2589 912 2654 navibus
937 2590 1095 2654 debonis

72 2679 295 2744 mercimoniis
324 2681 467 2746 oneratis
495 2680 642 2744 remittet
670 2683 704 2744 et
731 2678 778 2744 sic
804 2700 864 2762 per
886 2677 985 2743 istam
1008 2678 1096 2744 riam

72 2768 268 2852 locupletari
294 2769 474 2851 poterimus
504 2791 577 2833 cum
604 2769 730 2833 iactura
758 2771 790 2831 ct
823 2768 1097 2833 circumventione

70 2855 218 2921 hostium
237 2855 482 2921 Romanorum'.
514 2857 607 2934 Quod
626 2858 798 2923 consilium
818 2878 891 2921 oum
909 2856 1098 2941 placuisset,

24 2982 55 3023 30
71 2947 268 3028 acceperunt
285 2946 487 3027 praedictum
506 2968 643 3031 puerum
662 2943 915 3011 Constantinum
934 2949 967 3009 et
987 2967 1097 3011 secum

70 3033 112 3098 ad
136 3032 267 3098 domum
287 3055 379 3098 suam
397 3035 610 3119 perducentes
634 3036 805 3120 ipsumque
826 3034 864 3099 de
883 3035 980 3099 bonis
999 3035 1097 3102 vesti·

69 3122 133 3186 bus
152 3121 323 3186 induentes
343 3127 511 3208 tamquam
530 3125 634 3189 filium
653 3125 824 3209 proprium
843 3146 902 3208 per
920 3124 1098 3190 triennium

144 3284 160 3332 2
184 3277 315 3360 additum
340 3281 430 3348 codd,
461 3281 572 3336 aditum
603 3284 717 3338 correxi.
827 3288 844 3336 4
874 3280 993 3337 cottidie
1020 3283 1098 3337 codd.

70 3357 87 3406 ‘1
113 3348 261 3419 spaciandi
284 3351 360 3406 codd.
472 3358 504 3408 15
527 3354 587 3408 fore
612 3359 644 3408 ut
668 3355 733 3409 aliie
757 3353 824 3409 locis
846 3355 918 3409 idem
944 3355 1018 3424 quod
1037 3368 1098 3407 esse

68 3421 238 3503 siquidem..
305 3427 340 3476 20
360 3425 389 3477 et
407 3422 449 3490 F,
468 3427 498 3480 et
518 3424 544 3478 d’
564 3426 609 3494 D;
627 3424 798 3480 instruemus
817 3426 895 3481 codd.
990 3430 1023 3480 25
1044 3421 1099 3478 sibi

68 3497 103 3548 ut
121 3506 277 3561 ecepccmmc
295 3493 327 3547 ia
344 3494 393 3550 hoc
412 3495 501 3552 libello
519 3497 590 3553 wem
609 3513 641 3553 ac
660 3495 690 3551 ei
707 3498 862 3568 atquttcot.
